3524 5362
948 468 1008 531 100

431 650 572 712 colorem
594 649 662 711 iam
686 649 786 712 Blass.
808 671 839 713 v.
862 651 902 712 el.
925 653 1087 723 observem
1110 655 1220 715 denuo
1242 655 1273 715 h.
1289 654 1310 716 l.
1333 653 1448 718 Ulixes
1471 654 1525 714 de-

430 758 513 818 ridet
544 775 613 831 eos,
650 757 706 835 qui
739 759 845 818 famae
878 760 1084 820 nobilitatem
1117 768 1276 837 appetunt
1304 764 1518 849 (φασιν...

430 862 602 951 ἀνδρεῖον).
643 864 863 925 Memorabilis
895 872 943 926 est
970 866 1154 939 translatio,
1191 886 1255 945 qua
1286 865 1525 928 contumuliose

431 968 544 1030 Ulixes
566 970 667 1030 utitur
688 970 796 1031 Aiacis
819 972 918 1046 σάκος
940 970 1130 1059 ἑπταβόειον
1151 978 1200 1033 ter
1225 973 1377 1050 deinceps
1390 974 1415 1052 ¹)
1437 990 1524 1032 00111·

431 1092 548 1150 parans
575 1093 651 1135 eum
684 1094 789 1136 muro.
843 1075 965 1135 Mirum
999 1083 1157 1154 quantum
1193 1088 1336 1166 τεῖχος
1367 1084 1523 1155 tauquam

431 1180 516 1240 firmi
543 1181 693 1257 praesidii
716 1182 822 1258 imago
843 1182 879 1242 in
899 1182 1023 1243 deliciis
1052 1189 1100 1243 est
1131 1183 1328 1244 Antistheni.
1338 1183 1366 1260 ³)
1405 1182 1523 1242 Nonne

431 1287 530 1346 habet
565 1287 771 1347 'concordiam
807 1289 947 1347 fratrum
978 1291 1100 1364 παντὸς
1137 1293 1266 1376 τείχους
1294 1291 1522 1377 ἶσχυροτέρανι

432 1411 541 1452 nonne
553 1399 647 1452 vocat
658 1396 715 1469 τὴν
728 1396 884 1482 φρόνησιν
894 1403 1001 1483 τεῖχος
1016 1393 1275 1481 ἀσφαλέστατον,
1288 1413 1397 1455 nonne
1409 1394 1523 1454 81101101

431 1503 519 1586 τείχη
541 1504 805 1567 κατασκευαστέον
826 1504 859 1567 ἐν
880 1511 949 1577 τοῖς
970 1502 1074 1568 αὐτῶν
1090 1503 1271 1577 α’ναλιιιτοῖς
1285 1500 1480 1587 λογόσμοιςῗ
1495 1498 1523 1577 ³)

472 1602 530 1664 0d.
558 1603 594 1667 8:
627 1610 733 1695 ὥσπερ
762 1610 792 1672 οἶ
821 1605 1062 1696 κυβερνῆται
1092 1642 1133 1652 -
1154 1614 1329 1674 σκοποῦσιν
1351 1608 1441 1679 ὅπως
1463 1604 1523 1669 σώ-

433 1736 545 1775 σουσιν
572 1715 647 1787 τοὺς
673 1717 799 1788 ναύτας.
820 1744 860 1756 -
893 1710 1038 1772 Socrates
1067 1711 1210 1771 medicos
1238 1717 1270 1770 et
1290 1710 1522 1785 gubernatores

431 1831 524 1891 saepe
558 1815 692 1876 adhibet
722 1816 758 1876 in
791 1817 1095 1894 comparat-ionibus.
1139 1816 1370 1876 Antisthenem
1396 1820 1522 1890 praeter

430 1922 557 2010 ἰατροὺς
579 1916 709 1999 qu'oque
731 1923 904 1983 adduxisse
929 1919 1129 2010 κυβερνήτας
1151 1922 1286 1982 fortasse
1308 1919 1462 1993 conjicias
1481 1937 1521 1977 ex

432 2025 652 2100 ps·Plat-onieo
685 2027 813 2104 dialogo
844 2027 1051 2105 Clitophonte
1086 2045 1117 2103 p.
1150 2024 1210 2087 408
1244 2025 1295 2097 Β.,
1328 2024 1384 2083 ubi
1407 2023 1522 2100 respici

432 2134 526 2204 putat
547 2129 709 2206 Cynicum
731 2133 815 2193 Joel.
831 2133 858 2211 ⁴)

475 2234 578 2305 Quam
600 2236 767 2298 notissima
789 2238 845 2297 sed
867 2239 964 2298 foeda
985 2237 1226 2314 comparatione
1249 2236 1364 2298 Ulixes
1385 2234 1519 2295 orationi

432 2339 532 2400 finem
555 2341 645 2402 facit:

472 2445 531 2505 Od.
555 2446 605 2507 14:
639 2447 774 2524 Sapiens
795 2453 888 2524 poeta
910 2477 943 2514 σε
966 2451 1085 2525 -τὴν
1107 2453 1203 2535 φάσιν
1224 2445 1379 2521 ἀπεικάζει
1400 2455 1468 2520 τοῖς
1489 2472 1520 2509 τε

431 2554 566 2618 υωθέσιν
587 2557 676 2630 ὄνοις
697 2560 745 2619 καὶ
766 2552 865 2641 βουσὶ
887 2563 957 2631 ταῖς
983 2551 1163 2642 φόρβασιν,
1187 2554 1303 2628 ἄλλοις
1324 2555 1520 2636 παρέχουσιν

431 2652 586 2738 δεσμεάειν
617 2662 666 2722 καὶ
696 2658 863 2743 Ζευγνόναι
896 2659 1022 2733 αὑτοός·
1064 2655 1519 2742 0118101111111101όρετῇ8118

431 2761 522 2821 1118118
544 2762 774 2825 10010111101110
796 2764 1020 2836 πολότλαντα,
1053 2763 1245 2847 πολύμητιν,
1267 2763 1519 2850 πολυμήχανον,

432 2886 530 2944 quain
558 2868 727 2930 inhoneste
750 2871 858 2932 Aiacis
886 2869 1033 2930 indolem
1056 2868 1519 2956 (φύσιν)αι1αοααοιαοοοῐίε-

431 2971 521 3032 simis
544 2973 671 3034 bestiis!

473 3181 656 3258 Supersunt
678 3202 759 3262 quae
782 3186 967 3245 indicemus
989 3186 1190 3244 elocutiones
1215 3184 1375 3260 quaedam
1389 3189 1517 3243 seuten-

463 3388 482 3453 ¹)
517 3390 562 3439 οἷει
587 3409 611 3440 τι
632 3388 756 3455 διαφέρειν
781 3393 888 3440 τοιαῦτα
914 3390 984 3439 ὅπλα
1003 3392 1072 3453 ἔχειν
1089 3390 1106 3450 ἣ
1123 3389 1214 3448 ἐντὸς
1232 3391 1360 3453 τείχους
1377 3390 1517 3450 rubridum

429 3481 469 3528 ταὶ
497 3482 537 3529 σαὶ
561 3482 632 3545 μόνῳ
659 3480 696 3540 δι)
721 3485 829 3544 τεῖχος
855 3481 901 3528 οὐκ
916 3482 987 3529 ι’στιν
1006 3506 1035 3515 -
1053 3480 1133 3544 μόνος
1149 3481 1196 3543 μὲν
1213 3480 1259 3529 οὖν
1276 3480 1307 3528 σίν
1324 3498 1350 3544 γε
1363 3479 1517 3541 ἑπταβόειον

430 3569 550 3637 περιέρχῃ
567 3577 676 3635 τεῖχος
694 3569 909 3634 προβαλλόμενος
926 3572 1042 3619 σεαυτοῦ.

459 3657 481 3720 ¹)
515 3662 549 3709 ef.
568 3660 661 3708 Weber
678 3661 713 3719 ll.,
731 3674 755 3722 p.
776 3661 832 3706 lis:
850 3659 879 3720 (Τ
882 3657 1059 3720 ranelationis)
1077 3671 1171 3718 genus,
1188 3657 1386 3717 quinionibus,
1403 3658 1515 3718 quaead

429 3756 513 3797 artem
531 3749 673 3796 militarem
692 3748 807 3812 pertinet
826 3748 952 3809 repetitur
969 3760 1049 3807 eoque
1066 3746 1169 3808 saepius
1187 3752 1340 3808 usurpatur,
1357 3745 1426 3806 quoi
1445 3745 1515 3794 vitae

428 3837 542 3899 eynieae
561 3838 642 3886 indoli
660 3844 687 3886 et
705 3838 800 3886 rationi
819 3837 932 3885 maxime
949 3837 1158 3885 commendatum
1176 3839 1240 3884 erat.

458 3925 480 3991 ⁸)
518 3928 592 3989 Diog.
610 3928 696 3977 Laert.
714 3928 764 3987 Vl,
782 3930 806 3986 6,
825 3929 867 3986 12,
887 3929 924 3976 13.

460 4016 481 4080 ⁴)
515 4017 583 4066 Joel.
609 4032 633 4080 p.
651 4018 699 4065 495
717 4021 755 4064 nt.
774 4020 796 4065 2.
814 4043 845 4052 -
863 4031 888 4079 p.
906 4017 953 4063 502
971 4020 1012 4063 ut.
1030 4016 1053 4062 2.
1088 4015 1262 4071 Οιίι.11.;ὼς
1287 4013 1357 4072 ὅστις
1383 4014 1456 4079 ψυχῇ
1479 4016 1514 4078 μὴ

427 4106 564 4155 ἐτίσταται
581 4107 701 4169 χρῆσθαι,
720 4106 803 4169 τούτῳ
820 4108 848 4154 τὸ
866 4106 939 4169 ἁγειν
956 4106 1067 4167 ἡσυχίαν
1084 4105 1116 4168 τῇ
1133 4102 1203 4167 ψυχῇ
1221 4106 1263 4150 καὶ
1280 4104 1316 4167 μὴ
1328 4105 1383 4162 ζῆν,
1401 4106 1514 4166 κρεῖττον

428 4197 444 4256 ἡ
467 4198 524 4257 ζῆν,
552 4197 691 4259 πράττοντι
708 4195 864 4244 καδάότόν,
884 4195 906 4242 εἰ
923 4194 946 4243 δὲ
966 4213 1004 4251 τις
1023 4194 1122 4257 ἀνάγκη
1141 4194 1188 4251 ’ζῆν
1206 4194 1254 4252 εἰη,
1272 4192 1357 4255 δούλῳ
1375 4193 1513 4255 ἅμεινονι)

427 4285 549 4349 ἐλευθέρῳ
572 4285 666 4350 διάγειν
687 4288 724 4349 τῷ
745 4286 854 4348 τοιούτῳ
876 4290 922 4334 τὸν
938 4284 1009 4346 βίον.
1027 4285 1097 4332 ἔστιν
1115 4284 1165 4346 ἆρα
1184 4283 1300 4343 καθάπερ
1318 4282 1410 4330 πλοίου
1428 4298 1513 4344 παρα-

426 4377 520 4426 διδόναι
550 4378 582 4424 τὰ
610 4376 721 4436 πηδάλια
748 4379 794 4435 τῆς
809 4375 924 4433 διανοίας
942 4375 1022 4438 ἆλλιρ,
1049 4375 1087 4439 τῷ
1106 4373 1217 4437 μαθόντι
1234 4374 1282 4430 την
1299 4375 1350 4419 τῶν
1367 4369 1514 4433 ἀνθρώπων

426 4467 615 4530 κυβερνητικὴν
632 4470 665 4528 ἣν
682 4467 713 4526 δι)
731 4471 761 4516 σύ
781 4468 924 4529 πολιτικὴν,
943 4468 962 4515 ὦ
980 4468 1120 4526 Σώκρατες,
1138 4464 1269 4527 ὀνομάζεις
1287 4461 1420 4518 πολλάκις.
