3524 5362
953 435 1012 497 104

436 637 505 679 esse
535 617 791 677 inconsideratae
824 617 991 677 Benseleri
1023 620 1214 695 suspicioni.
1255 618 1444 679 Admonere
1465 621 1521 681 hie

436 741 566 801 quoque
598 723 715 795 velim,
745 726 792 783 uti
819 741 917 800 supra
938 726 973 783 iu
998 723 1110 799 figuris
1131 743 1167 783 ac
1189 727 1292 801 tropis
1312 726 1522 801 explorandis

436 831 517 903 feei,
539 829 636 888 verba
659 832 761 906 ipsius
783 829 992 889 Antisthenis
1013 832 1054 890 ab
1069 832 1255 891 auctoribus
1269 835 1399 908 saepius
1410 834 1522 893 minus

434 943 582 997 accurate
603 941 636 994 et
656 952 771 1011 parum
793 937 833 995 ad
856 936 993 995 verbum
1015 955 1084 996 esse
1105 939 1211 996 citata.

477 1043 517 1101 In
550 1045 742 1103 universum
775 1042 816 1101 ‹le
845 1043 1013 1101 levissimo
1039 1042 1146 1115 hiatu,
1171 1045 1228 1119 qui
1251 1061 1281 1102 v.
1303 1061 1330 1104 c.
1353 1046 1523 1104 iuvenitur

436 1154 506 1228 post
537 1149 714 1208 articulum
747 1154 818 1224 post
850 1144 883 1214 δέ
913 1150 952 1223 (si
985 1153 1041 1231 μὲν
1072 1151 1309 1227 praecesserit),
1340 1156 1411 1226 post
1435 1156 1521 1237 περὶ,

434 1264 498 1327 καὶ,
524 1285 566 1327 η,
600 1259 661 1328 ὅτι,
682 1254 818 1313 difficile
851 1261 898 1314 esi
930 1255 1019 1314 dictu
1049 1258 1134 1314 sitne
1156 1256 1381 1317 admittendus
1402 1275 1520 1331 necne,

435 1380 537 1438 quum
569 1380 627 1436 per
653 1362 825 1421 elisionem
857 1366 912 1421 aut
941 1362 1132 1437 aphaeresin
1153 1366 1210 1420 aut
1232 1365 1338 1421 crasiu
1360 1362 1520 1422 facillime

435 1470 529 1526 vitari
567 1469 718 1542 potuerit.
735 1466 761 1542 ¹)
805 1466 983 1539 Quaerens,
1016 1467 1138 1544 quibus
1170 1468 1251 1526 loeis
1277 1469 1381 1527 insint
1411 1467 1520 1527 hiatus

433 1574 653 1631 necessarium
684 1572 769 1631 mihi
803 1575 910 1630 visum
942 1578 990 1631 est
1023 1575 1085 1631 tria
1107 1572 1293 1631 hiulcorum
1314 1589 1435 1646 genera
1454 1573 1520 1632 dis·

432 1696 563 1737 eernere
584 1695 627 1736 se.
649 1682 706 1735 aut
728 1677 985 1745 levissimorum,
1010 1678 1030 1735 i.
1047 1694 1074 1735 e.
1096 1676 1233 1735 elisione
1249 1677 1355 1734 aliave
1373 1678 1518 1753 simplici

432 1785 558 1841 ratione
579 1781 872 1852 eliminandorum,
895 1786 950 1839 aut
965 1798 1079 1839 eorum
1095 1783 1152 1857 qui
1166 1782 1253 1840 haud
1265 1782 1362 1840 facile
1375 1788 1518 1858 transpo-

431 1888 551 1946 sitione
578 1887 750 1945 verborum
778 1886 884 1944 aliove
908 1886 1006 1945 modo
1028 1887 1124 1944 vitari
1148 1891 1283 1961 possunt
1297 1892 1354 1946 aut
1364 1889 1421 1964 qui
1432 1893 1519 1947 certa

431 1992 571 2070 quadam
594 1993 635 2050 «le
657 2008 752 2049 causa
773 1991 937 2049 retinendi
960 1997 1046 2049 sunt.

473 2099 512 2157 In
535 2096 727 2170 fragmentis
748 2094 913 2154 invenias:

470 2224 500 2281 p.
525 2202 571 2274 18,
594 2204 633 2261 fr.
658 2202 714 2260 ll:
736 2207 839 2275 κακῶς
861 2197 892 2266 δὲ
913 2200 1040 2266 a'rotnv
1061 2200 1196 2267 (vitatur
1218 2221 1268 2277 ap.
1280 2202 1354 2262 Arr.
1366 2203 1409 2261 cf.
1420 2221 1518 2278 supra

431 2330 500 2388 pag.
523 2309 586 2386 22).
610 2327 639 2384 p.
663 2306 715 2379 19,
737 2308 777 2365 fr·
802 2305 852 2365 lii:
874 2304 998 2379 itinera
1019 2306 1181 2381 ᾰπάὑτῆς.

471 2435 500 2491 p.
523 2414 576 2486 21,
599 2414 638 2472 fr.
654 2412 702 2473 18:
726 2415 754 2477 oi
767 2409 798 2478 δὲ
811 2415 842 2477 ἐκ
852 2408 1051 2497 βομβυλιοῦ.
1064 2431 1094 2487 p.
1107 2411 1155 2483 29,
1169 2413 1208 2470 fr.
1220 2410 1273 2472 35:
1294 2415 1352 2477 τόν
1363 2440 1394 2476 τε
1406 2413 1515 2499 ἔρωτα·

469 2541 499 2598 p.
522 2519 577 2592 31,
600 2520 640 2578 fr.
667 2518 727 2578 44:
760 2515 791 2584 δὲ
813 2520 878 2606 οὐχ
899 2522 973 2606 ὁρῶ.
1001 2516 1078 2593 (bis)
1102 2535 1132 2592 p.
1157 2516 1211 2588 52,
1234 2518 1274 2575 fr.
1297 2515 1355 2576 63:
1379 2515 1514 2599 ἡμᾶςδί

431 2628 600 2711 α’κοῦομεν·

469 2752 500 2809 p·
523 2731 579 2804 52,
603 2732 643 2790 fr.
665 2728 721 2790 66:
754 2733 803 2795 καὶ
824 2731 860 2794 τὸ
880 2728 964 2793 ἴσον.
994 2745 1024 2804 p.
1047 2726 1100 2795 55,
1123 2727 1164 2784 fr.
1187 2725 1238 2786 75:
1270 2729 1307 2791 τὰ
1330 2729 1386 2808 ἐμὰ
1408 2734 1456 2792 καὶ
1476 2731 1514 2793 τὰ

428 2839 485 2904 οὐκ
507 2840 578 2920 ἐμά,
602 2836 644 2897 id.
667 2845 762 2902 ταῦτα
785 2840 842 2901 ὅτι.

469 2965 499 3022 p.
521 2943 575 3017 58,
609 2945 648 3003 ir.
671 2942 727 3001 82:
761 2944 791 3006 oi
813 2937 843 3006 δὲ
866 2942 933 3005 οὐκ.
975 2957 1004 3014 p.
1031 2937 1086 3012 58,
1109 2940 1149 2998 fr.
1171 2936 1222 2999 86:
1245 2937 1315 3003 οὔτε
1336 2939 1513 3027 ἐλεύθερος·

469 3068 499 3126 p.
522 3048 577 3121 63,
601 3049 641 3108 fr.
664 3047 734 3107 112:
755 3051 804 3112 ἐπὶ
825 3051 884 3110 τίνι
907 3046 957 3110 ὄν.

469 3175 498 3232 p.
521 3155 569 3228 65,
592 3156 632 3226 fr,
656 3152 725 3212 125:
747 3157 770 3217 εἶ
793 3148 824 3218 δὲ
847 3151 1042 3239 ἀνθρώποις·

468 3262 530 3332 Qui
557 3279 670 3320 omnes
692 3259 800 3318 hiatus
821 3257 955 3317 elisione
976 3254 1033 3331 (δ’,
1055 3258 1135 3328 οὐτ’,
1164 3264 1239 3331 oet.)
1260 3255 1356 3315 facile
1378 3262 1513 3332 possunt

427 3368 528 3428 vitari.

467 3494 497 3551 p.
520 3472 567 3546 18,
589 3475 630 3532 fr·
654 3473 704 3532 14:
728 3476 822 3560 Νιρέα
844 3475 895 3547 εἰς.
919 3489 949 3547 p·
973 3468 1021 3542 23,
1044 3472 1084 3530 fr.
1097 3469 1149 3529 24:
1171 3471 1248 3533 θεὸν
1260 3465 1362 3534 οὐδενὶ
1375 3471 1512 3534 ἐοικέναι·

426 3579 469 3641 id.
491 3577 595 3645 attat
618 3578 703 3643 ἔοικε.

466 3703 496 3760 p.
518 3682 566 3757 58,
588 3685 628 3744 fr.
651 3681 702 3742 83:
724 3685 876 3765 τμηθῆναι
899 3680 920 3757 ἢ
941 3678 1216 3766 ἐλλεβορισθῆναι·

467 3790 565 3849 Haud
597 3789 692 3848 facito
715 3788 747 3846 in
770 3787 858 3847 hisee
881 3786 990 3846 hiatus
1011 3787 1104 3846 vitari
1127 3785 1231 3862 potuit
1254 3785 1433 3845 mutatione
1455 3791 1510 3844 ant

424 3896 670 3974 transpositione
693 3897 877 3954 verborum.

465 4022 495 4079 p.
507 4000 554 4073 16,
566 4002 606 4061 fr·
619 4000 649 4059 7:
661 4002 759 4065 αὐτοῦ
770 4001 905 4087 ἠράσθη·
919 4017 948 4074 P·
960 3997 998 4057 52
1008 4044 1015 4069 ,
1027 3998 1067 4057 fl·-
1081 3995 1132 4055 67:
1146 3993 1290 4070 ὀδυνίισει
1305 3996 1510 4083 ἀνθρώπους.

465 4125 495 4184 p.
517 4105 566 4180 62,
587 4106 628 4164 fr.
650 4104 720 4163 110:
742 4108 779 4171 ni
802 4106 878 4170 κακὰ
901 4103 920 4167 ἃ
943 4102 1035 4191 ἔχεις.
1058 4121 1088 4178 p.
1111 4101 1161 4174 52,
1186 4102 1226 4160 fr.
1239 4098 1287 4174 63,
1309 4103 1433 4187 εὐφήμει
1453 4102 1488 4165 ὦ.

454 4358 479 4424 ¹)
511 4363 545 4413 οἱ,
564 4362 695 4411 Beusoler.
713 4362 739 4413 11.
757 4377 868 4426 prooem.
885 4377 909 4424 p.
919 4362 934 4410 8
952 4375 989 4422 sq.
1004 4387 1036 4396 -
1053 4359 1153 4407 hiatum
1164 4364 1220 4422 post
1233 4360 1275 4408 rai
1287 4360 1315 4407 iu
1324 4359 1443 4421 catalago
1452 4371 1509 4406 meo

421 4451 505 4513 omisi,
521 4466 599 4502 nemo
614 4451 687 4501 enim
702 4451 794 4516 opinor
810 4460 865 4500 tam
877 4456 975 4500 teretes
986 4449 1068 4498 habet
1076 4463 1159 4509 aures,
1168 4456 1199 4495 ut
1209 4448 1257 4497 tali
1267 4449 1341 4497 hiatu
1350 4448 1506 4499 offendatur.
