3524 5362
863 455 902 517 54

337 639 482 710 videtur,
504 637 659 716 quoniam
675 637 737 697 hoc
752 637 837 696 libro
849 642 1078 711 argumentum
1095 656 1135 695 ex
1151 636 1295 711 Odyssea
1309 637 1422 692 tracta·

336 750 408 802 tum
437 761 506 803 esse
539 747 675 803 constat:
708 743 741 802 in
767 742 910 818 Odyssea
941 748 1049 802 autem
1084 742 1264 802 Minervam
1295 756 1424 814 semper

336 850 505 925 agentibus
515 848 651 926 sapienti
663 847 796 908 consilio
808 854 840 907 et
849 848 976 908 fortiter
986 847 1199 924 opitulantem
1209 842 1424 923 deprehendi-

336 974 423 1015 mus:
435 955 479 1015 ita
491 973 620 1033 quoque
632 955 827 1015 Telemacho
839 955 938 1014 adest.
956 955 981 1032 ¹)
994 955 1102 1030 Ipsam
1115 953 1209 1013 deam
1222 958 1258 1011 ut
1268 951 1333 1012 iam
1344 947 1423 1022 dixi,

335 1061 547 1120 Antisthenes
588 1061 756 1135 allegorice
799 1060 912 1136 accipit
954 1068 1109 1138 tanquam
1145 1069 1202 1134 τῆς
1237 1060 1424 1146 φρονήσεως

336 1166 525 1242 exemplum
546 1165 700 1244 idemque
723 1166 817 1225 multi
841 1165 1033 1241 interpretes
1055 1164 1089 1223 in
1111 1163 1239 1224 scholiis
1263 1163 1423 1221 fecerunt.

336 1271 444 1343 Quum
470 1273 532 1332 hoc
558 1290 674 1331 verum
702 1271 756 1344 sit,
779 1273 913 1331 fortasse
935 1290 1001 1329 non
1024 1269 1107 1329 nibil
1129 1270 1169 1328 ad
1192 1267 1422 1327 Antisthenem

335 1377 449 1436 referri
473 1378 549 1436 lieet
571 1377 686 1449 exile,
708 1394 790 1454 quae
812 1376 985 1434 traduntur
1007 1373 1041 1433 in
1063 1375 1164 1435 schol.
1187 1375 1227 1433 ad
1250 1373 1309 1432 Od.
1334 1372 1359 1431 I.
1377 1390 1423 1431 vs.

336 1480 390 1556 96,
426 1501 522 1560 quae,
559 1487 719 1560 quantum
755 1480 837 1555 scio,
871 1499 968 1539 nemo
999 1481 1064 1539 huc
1098 1497 1201 1557 usque
1236 1479 1424 1540 Antistheni

335 1586 458 1647 tribuit.
483 1586 511 1663 ¹)

456 1690 505 1752 49·
527 1727 568 1736 -
588 1698 655 1779 περὶ
678 1690 812 1767 Ἑλένης
834 1695 882 1756 καὶ
908 1689 1109 1767 Πηνελόπης·
1131 1725 1172 1734 -

377 1796 443 1857 Gur
469 1799 712 1874 conjungantur
737 1798 811 1856 illae
834 1814 965 1868 uxores,
989 1797 1075 1856 latet.
1119 1795 1284 1867 Quantum
1307 1796 1424 1856 discre-

336 1907 414 1978 pant
447 1902 603 1963 moribus!
655 1904 768 1963 Altera
800 1901 906 1979 pravis
938 1901 1109 1961 affectibus
1141 1901 1293 1975 obnoxia,
1325 1904 1426 1963 altera

231 2033 234 2039 ·
336 2007 430 2067 bonis
451 2009 618 2087 principiis
640 2012 791 2071 obsecuta
812 2015 869 2069 est.
883 2010 911 2087 ⁸)

458 2113 506 2176 50.
528 2151 568 2161 -
588 2122 659 2205 περὶ
682 2120 848 2204 Πρωτέως·
870 2151 910 2160 -

378 2219 507 2296 Spectat
529 2221 581 2282 hic
602 2225 720 2284 titulus
741 2224 782 2282 ad
804 2223 863 2284 Od.
888 2223 934 2282 IV
956 2242 993 2283 vs
1015 2220 1187 2291 ast-mm
1211 2223 1374 2281 notandos
1390 2223 1424 2280 in

336 2325 427 2384 hisce
459 2345 571 2387 versus
591 2326 664 2390 392:
698 2332 763 2394 ὅττι
785 2358 832 2394 τοι
855 2333 889 2395 ἐν
909 2331 1075 2417 μεγάροισι
1098 2331 1196 2395 κακόν
1217 2329 1372 2415 π’ἆγαθόν
1394 2357 1425 2394 τε

335 2542 584 2554 ———

369 2669 392 2733 ι)
413 2671 460 2720 0d.
479 2672 504 2731 Ι,
522 2687 559 2721 vs.
578 2675 714 2722 113-328,
748 2674 858 2723 Excitat
876 2675 1058 2724 Telemachum
1080 2679 1111 2724 ut
1127 2675 1178 2724 iter
1195 2676 1319 2740 suscipiat
1336 2676 1369 2724 ad
1382 2689 1426 2739 pa·

336 2764 403 2809 trem
428 2762 627 2825 explorandum.
664 2762 710 2811 Od.
729 2764 765 2824 11,
792 2779 829 2812 vs.
848 2766 982 2814 aso-295.
1002 2764 1138 2813 Promittit
1160 2765 1315 2815 Telemacho
1332 2780 1425 2814 novem

334 2865 361 2898 sc
378 2851 579 2911 instructuram,
605 2858 739 2916 semetque
758 2854 841 2917 ipsam
859 2855 984 2902 comitem
1004 2854 1140 2903 offert-
1158 2855 1310 2917 inquibus,
1332 2857 1353 2903 si
1374 2869 1426 2902 non

334 2940 458 2988 audacius
482 2945 523 2989 est
547 2941 576 2988 in
602 2956 629 2989 re
655 2943 757 2991 incerta
774 2942 872 3004 aliquid
891 2943 1026 3006 probabile
1044 2944 1184 3007 suspicari,
1203 2944 1297 2993 haecce
1314 2944 1427 2993 fortasse

336 3028 463 3092 Cynicum
490 3030 671 3094 philosophum
705 3032 893 3080 mlvertemnt:
930 3033 988 3095 plus
1016 3033 1097 3081 semel
1123 3032 1257 3081 indicatur
1275 3048 1327 3096 quo
1348 3033 1426 3082 modo

335 3117 458 3182 ἀνοήμων
474 3119 518 3181 qui
533 3124 584 3178 est,
596 3123 644 3168 aut
659 3121 705 3168 liat
717 3124 764 3168 aut
775 3120 810 3168 sit
822 3120 898 3179 κακός
908 3123 957 3183 (vs.
967 3123 1026 3179 270,
1037 3123 1111 3183 281),
1131 3122 1256 3171 laudatur
1265 3123 1428 3186 praestantia

336 3208 422 3256 Ulixis
449 3213 477 3255 ut
498 3209 543 3270 qui
566 3211 601 3257 sit
617 3210 650 3258 ad
667 3211 743 3275 ἔργον
760 3229 786 3260 τε
802 3212 865 3268 ἔπος
883 3228 908 3260 τι
927 3212 1025 3274 liariter
1043 3218 1149 3275 paratus
1167 3213 1218 3274 (vs.
1231 3215 1275 3261 271
1297 3216 1354 3274 κιρ),
1371 3214 1427 3261 lau·

335 3298 413 3347 datur
433 3298 560 3362 Penelope
578 3300 629 3360 (vs.
646 3302 693 3348 274
710 3329 743 3336 -
760 3301 794 3350 cf.
811 3316 852 3364 op.
863 3302 902 3361 49,
921 3303 960 3359 55,
978 3302 1058 3350 schol.
1068 3302 1101 3350 ad
1112 3302 1158 3350 Od.
1169 3302 1199 3362 V,
1217 3305 1277 3351 211:
1295 3304 1425 3367 περίφρων

336 3390 424 3450 noa).
442 3389 638 3450 Telemachum,
655 3390 779 3453 quoniam
801 3405 850 3439 nec
867 3391 978 3452 ignavus
996 3405 1044 3440 nec
1060 3392 1173 3440 stolidus
1189 3397 1229 3441 est
1246 3395 1296 3455 (vs.
1315 3394 1362 3441 279
1374 3395 1426 3456 sq.)

333 3482 410 3542 μῆτις
426 3480 574 3543 (φρόνησις)
603 3481 684 3543 patris
710 3495 763 3528 non
790 3481 923 3543 relinquet
950 3509 980 3517 -
1005 3485 1097 3530 contra
1120 3483 1201 3545 proci:
1227 3483 1285 3532 οὔτε
1303 3483 1428 3547 νοήμονες

334 3567 391 3617 οὕτε
408 3566 498 3616 δίκαιον
515 3569 565 3629 (vs.
583 3569 630 3617 283
648 3569 683 3618 ci.
701 3568 781 3617 schol.
800 3569 943 3634 δογματίζει
956 3568 1070 3634 ’Όμηρος
1089 3569 1128 3619 ὅτι
1147 3569 1161 3619 ὁ
1179 3570 1265 3630 ἄδικος
1285 3573 1325 3621 καὶ
1344 3571 1428 3621 ἀσυν-

335 3657 391 3714 ιτός
408 3657 501 3719 ἔστιν).

367 3744 391 3808 ²)
424 3747 458 3793 Τὸ
479 3744 564 3811 λέγειν
590 3747 638 3805 τὴν
662 3745 780 3807 Ἀθηνᾶν
806 3748 872 3796 καλὰ
899 3746 992 3797 πέδιλα
1010 3752 1098 3812 φορεῖν
1115 3748 1161 3797 οὐκ
1178 3748 1245 3797 ἄλλο
1262 3746 1337 3808 δηλοῖ
1353 3749 1369 3809 ἡ
1388 3749 1427 3798 ὅτι

336 3840 391 3897 τῆς
413 3836 593 3900 φρονὴσειιιΙ
617 3837 648 3886 αἱ
666 3837 868 3902 ἐνεργητικαὶ
893 3837 1015 3902 δυνάμεις
1040 3837 1163 3900 απιβαραὶ
1189 3839 1231 3887 καὶ
1249 3838 1352 3902 aaroni
1371 3839 1427 3889 εἰσι.

335 3927 363 3976 τὸ
384 3925 409 3976 δὲ
427 3925 527 3991 ἐπέχειν
543 3928 619 3992 ἔγχος
636 3929 663 3976 ἐν
680 3925 752 3992 ᾧτινι
769 3927 873 3993 δαμάζει
890 3931 950 3986 τοὺς
967 3929 1052 3991 ἥρωας
1066 3929 1094 3977 τὸ
1108 3929 1247 3987 πληκτικὸν
1260 3926 1429 3992 ὑποσημαίνει

336 4020 391 4076 τῆς
408 4016 599 4082 φρονήσεως.
618 4016 693 4082 ὁγὰρ
710 4018 865 4082 φρόνιμος
882 4018 922 4068 διὰ
941 4020 1002 4067 τοῦ
1021 4015 1054 4066 oi
1071 4017 1173 4067 κεΙον
1190 4018 1303 4082 λόγον
1321 4018 1429 4078 πλήττει

336 4107 383 4156 τὸν
400 4107 570 4156 ἀτακτοῦντα.
595 4109 623 4157 τὸ
642 4107 666 4158 δέ
686 4111 735 4167 τῆν
752 4106 867 4167 Ἀθηνᾶν
884 4108 911 4164 ἐξ
928 4107 1040 4172 οὐρανοῦ
1058 4106 1193 4155 κατελθεῖν
1210 4107 1255 4153 οὐκ
1267 4106 1332 4154 ἄλλο
1345 4104 1428 4156 sivir-

336 4213 405 4244 τιται
423 4195 438 4255 ἡ
457 4195 496 4245 ὅτι
522 4195 537 4256 ἡ
564 4196 716 4261 φρόνησις
741 4197 768 4245 ἐκ
785 4200 832 4246 τοῦ
851 4200 897 4246 νοῦ
915 4196 1065 4260 κατέρχεται
1098 4195 1146 4258 (el.
1163 4195 1244 4243 schol.
1262 4195 1296 4243 ad
1313 4209 1351 4243 vs.
1370 4196 1427 4253 lOl;

336 4284 446 4335 πάντων
464 4285 488 4335 tl
506 4291 622 4349 κρεῖττον
638 4289 679 4336 καί
699 4285 865 4351 ἰσχυρότερον
883 4286 896 4335 ὁ
914 4287 1008 4349 acic).

367 4370 392 4435 ⁸)
427 4374 577 4424 Duemmler
603 4380 680 4439 putat
706 4375 924 4439 „comparat-ionis
950 4374 1112 4423 occasionem
1134 4369 1259 4437 praebere
1279 4373 1427 4423 Telemachi

335 4463 387 4512 iter
404 4463 586 4516 Laconicum.'‘
