3524 5362
869 457 909 519 22

345 640 505 723 σχήμασιν
537 637 707 697 rhetoricis
738 643 849 697 ornata
885 643 948 711 eet,
981 637 1120 711 singulis
1151 636 1220 694 fere
1252 638 1288 693 in
1320 637 1429 695 verbis

344 744 543 818 conspicuis,
584 761 601 801 e
647 745 769 821 quibus
814 746 985 820 praecipue
1032 742 1316 802 commemoranda
1351 745 1428 800 sunt

344 848 478 907 haecce:
495 848 520 925 ¹)
570 849 761 936 παρίσωσεις
810 848 847 925 (s.
884 850 1031 936 πάρισα),
1075 850 1221 921 ἰσόκωλα,
1257 846 1429 921 ιἰντιὲἐσεις

345 952 383 1029 (s.
391 953 551 1031 ἀντίθετα)
562 971 643 1030 quae
653 973 671 1012 a
683 954 839 1014 Cicerone
849 956 884 1013 in
894 953 1025 1014 Oratore
1035 951 1093 1013 175
1103 954 1246 1013 breviter
1255 953 1427 1028 explicata:

344 1063 420 1117 sunt
442 1060 550 1134 „paria
571 1060 703 1134 paribus
725 1059 879 1119 adiuncta
901 1065 932 1118 et
947 1060 1101 1118 similiter
1116 1058 1266 1131 definita,
1282 1060 1427 1135 itemquo

343 1165 516 1223 contrariis
556 1165 656 1224 relata
687 1169 863 1238 contraria,
896 1184 978 1243 quae
1010 1183 1068 1225 sna
1098 1169 1212 1242 sponte
1238 1166 1366 1223 etiamsi
1393 1164 1428 1222 id

342 1288 408 1330 non
439 1288 528 1345 agas,
558 1272 680 1332 cadunt
709 1271 903 1349 plerumque
930 1286 1118 1343 numerose,
1140 1267 1275 1343 Gorgias
1302 1271 1428 1346 primus

341 1378 479 1449 invenit,
523 1377 580 1436 sed
624 1379 671 1435 eis
713 1394 791 1436 usus
828 1382 877 1435 est
908 1372 1211 1451 intemperantius”.
1255 1373 1428 1433 Accedunt

341 1479 559 1562 ὁμοιοτέλιυτα
581 1481 636 1558 (de
656 1483 776 1558 quibus
792 1481 906 1541 Cicero
925 1481 960 1540 ll.
979 1478 1052 1558 135)
1067 1513 1104 1524 -
1122 1495 1198 1539 cunr
1211 1478 1366 1538 similiter
1375 1479 1426 1538 vel

340 1588 461 1646 cadunt
482 1587 580 1646 verba
603 1586 746 1662 (proprie
769 1585 981 1668 ὁμοιόπτωτα)
1004 1585 1056 1643 vel
1079 1584 1252 1652 desinunt;
1274 1579 1427 1649 ἀσύνδετα

342 1692 391 1768 (ll.
418 1690 491 1768 135)
518 1710 654 1752 -oum
677 1691 819 1766 demptis
841 1689 1132 1766 conjunctionibus
1154 1689 1311 1748 dissolute
1333 1691 1427 1765 plura

339 1798 496 1856 dicuntur
515 1830 553 1839 -
566 1801 799 1881 σσροιιομσσίαι
815 1796 842 1874 ³)
859 1814 883 1856 s.
901 1795 1195 1871 agnominatioues,
1210 1795 1331 1872 quibus
1343 1797 1426 1855 varii

340 1900 514 1960 verborum
550 1901 641 1960 luens
673 1902 906 1975 intelliguntur
937 1920 967 1961 u.
990 1920 1016 1961 c.
1050 1911 1154 1989 σχῆμα
1186 1901 1426 1989 ἐτυμολογικόν,

340 2007 571 2084 ἀντανᾶκλασις
592 2012 652 2067 Gei-

379 2112 506 2173 Haeoce
528 2116 606 2173 satis
627 2118 724 2172 sunto
745 2113 785 2172 de
807 2112 968 2189 Gorgian-a
991 2119 1069 2173 arte.
1111 2112 1252 2173 Transeo
1275 2131 1364 2174 nune
1385 2114 1425 2174 ad

338 2217 570 2278 Antisthenem
594 2223 689 2295 atque
712 2223 748 2276 ut
767 2237 881 2277 verum
897 2237 965 2279 esse
980 2223 1146 2294 appareat,
1162 2219 1249 2295 quod
1265 2221 1426 2295 suspicor,

338 2340 456 2398 nempe
492 2323 724 2384 Antisthenem
758 2342 833 2383 enm
866 2327 1057 2398 magistrum
1089 2324 1251 2384 rhetorico
1284 2326 1318 2382 in
1350 2325 1426 2383 stilo

338 2426 526 2487 adhibendo
548 2430 713 2488 imitatum
733 2447 816 2498 esse,
839 2447 908 2489 rem
931 2433 1035 2506 ipsam
1057 2431 1218 2505 exemplis
1239 2430 1425 2490 illustriori-

338 2535 400 2592 bus
422 2551 462 2591 ex
483 2536 554 2594 eius
575 2535 769 2609 fragmentis
790 2535 911 2607 allatis,
933 2535 1172 2594 demonstrabo.

380 2638 405 2698 I·
448 2639 630 2714 ἀντιθέσεις·

338 2762 369 2820 p.
393 2742 479 2822 18³),
501 2744 548 2804 fr.
566 2742 653 2822 11⁴).
687 2743 784 2804 Marc.
830 2744 908 2804 Ant.
951 2743 1027 2803 VII.
1070 2741 1127 2804 36:
1174 2744 1420 2812 Ἀντισὲιενικόν·

684 2847 855 2936 βασιλικὸν
865 2855 920 2933 μὲν
933 2850 964 2915 εὖ
976 2850 1132 2937 πράττειν,
1144 2855 1246 2927 κακῶς
1257 2847 1420 2918 &brorium

458 2956 503 3016 id.
682 2956 754 3015 Arr.
770 2955 874 3031 Epict.
887 2956 963 3017 dise.
978 2955 1034 3015 IV.
1057 2955 1093 3015 δι
1114 2960 1145 3021 τί
1163 2955 1219 3021 οὖν
1234 2954 1318 3042 λέγει
1329 2959 1425 3033 Ἀντι,

681 3057 979 3136 οὐδέποτ’ἤκουσας,
1022 3058 1193 3148 βασιλικὸν
1244 3062 1283 3139 (ὦ
1328 3065 1425 3148 Κῦρε)

683 3168 829 3254 πράττειν
850 3172 906 3249 μὲν
928 3166 970 3237 εὖ,
993 3172 1095 3244 κακῶς
1121 3164 1323 3246 δ’ὰκοίιεινῦ)

338 3289 367 3347 p.
390 3269 438 3332 34.
461 3272 501 3332 fr.
523 3271 573 3333 44.
596 3271 704 3333 Schol.
726 3273 777 3332 ad.
798 3273 899 3332 Arist.
921 3290 951 3348 p.
964 3270 1161 3332 iitissrandis
1176 3273 1424 3340 'Avo—ima

688 3383 743 3462 μὲν
765 3382 843 3465 ὁρῶ,
866 3380 1020 3453 ἱππότητα
1043 3374 1069 3444 δ’
1070 3379 1133 3467 οὐχ
1155 3383 1230 3468 ὁρῶ·

370 3653 392 3718 ¹)
428 3657 524 3706 Dedita
545 3673 625 3722 opera
647 3658 738 3707 addidi
758 3658 889 3708 Ciceronis
906 3664 1009 3708 acutam
1027 3666 1054 3707 et
1071 3660 1201 3710 concisam
1218 3663 1422 3725 explicationem

337 3747 487 3808 figurarum.
521 3747 554 3796 ln
580 3747 688 3796 Oratore
713 3749 816 3812 saepius
841 3748 874 3797 dc
894 3748 977 3812 tropis
993 3752 1021 3797 et
1038 3749 1127 3811 figuris
1144 3750 1200 3814 agit
1216 3751 1251 3800 cf.
1269 3754 1308 3814 38,
1326 3756 1365 3813 65,
1383 3757 1422 3815 84,

338 3838 397 3896 161,
422 3839 470 3885 220
487 3852 523 3899 sq.
538 3863 570 3872 —
592 3836 704 3886 Difficile
730 3837 835 3886 videtur
859 3851 961 3901 semper
986 3837 1058 3887 inter
1085 3840 1170 3888 varias
1187 3839 1286 3889 formas
1303 3847 1423 3892 accurate

335 3926 506 3988 distinguere.

294 4016 300 4029 '
367 4013 391 4078 ¹)
427 4015 480 4066 Cic.
505 4015 537 4065 de
563 4016 634 4065 Orat.
659 4015 699 4075 ΙΙ,
725 4018 767 4064 63:
789 4031 882 4079 genus,
899 4017 968 4078 quod
986 4016 1067 4066 habet
1084 4032 1192 4081 parvam
1210 4020 1281 4068 vorbi
1301 4021 1423 4072 immuta·

335 4106 447 4164 tionem,
465 4105 533 4167 quod
551 4106 579 4153 in
597 4105 688 4155 littera
705 4105 819 4169 positum
837 4121 860 4154 v.
867 4120 888 4155 e.
906 4105 1098 4156 nobilioremct
1108 4108 1284 4171 mobiliorem,
1302 4114 1335 4160 de
1346 4116 1374 4160 et
1388 4117 1422 4169 te,

334 4195 460 4244 adversus
476 4198 504 4243 ct
521 4208 633 4243 aversus.
668 4193 709 4242 ef.
728 4193 817 4252 Quint.
836 4194 881 4254 IV,
899 4196 922 4254 3,
940 4195 982 4253 53;
1001 4194 1054 4253 ΙΧ,
1072 4197 1095 4255 3,
1113 4199 1152 4246 66.

366 4281 391 4344 ³)
426 4284 522 4347 pagina
538 4283 607 4345 apud
624 4283 878 4333 Winckeimunnnm.

367 4372 390 4434 ⁴)
424 4373 573 4434 fragmenta
590 4373 661 4436 apud
680 4373 860 4425 Muliachium.

366 4459 390 4524 ⁶)
424 4462 535 4512 Acutius
551 4461 622 4513 dixit
640 4463 766 4512 Arrianus
784 4477 829 4527 per
846 4463 997 4516 ehiasmum.
