3524 5362
869 428 886 488 6
917 396 926 411 .

335 616 376 673 iis
408 631 645 690 supervacanea
676 631 744 673 esse
776 613 963 683 videantur,
997 629 1078 689 quae
1109 615 1218 689 potius
1240 611 1421 671 omittenda

335 723 425 792 sunt,
458 720 589 794 opinor,
626 721 667 777 iis
699 723 828 778 tantum
860 718 1135 793 explicationibus
1169 721 1305 778 servatis
1338 736 1419 795 quae

335 841 465 900 prorsus
487 826 684 884 necessariae
706 826 781 884 sint.
828 823 857 882 A
884 822 1083 898 Cynicorum
1106 824 1368 901 breviloquentia
1391 829 1422 883 et

335 932 464 989 concisa
486 930 620 988 dicendi
643 930 768 988 ratione
790 945 920 1005 prorsus
941 928 1113 987 abhorrere
1132 916 1305 987 verborum
1321 929 1422 989 abun-

336 1037 482 1096 dantiam
504 1036 581 1094 satis
609 1037 779 1103 novimus;
812 1034 994 1093 omittenda
1016 1035 1132 1107 igitur,
1163 1053 1245 1111 quae
1267 1035 1423 1110 quodam·

337 1143 433 1201 modo
455 1141 632 1199 desiderari
655 1146 800 1215 possunt.
833 1140 973 1198 Accedit
994 1142 1102 1213 etiarn,
1126 1140 1213 1216 quod
1230 1140 1423 1217 plerumque

336 1247 522 1323 explanatio
552 1244 589 1304 fit
618 1263 676 1321 per
705 1245 855 1304 voculam
888 1248 969 1330 περί.
1014 1244 1076 1305 Eas
1108 1249 1217 1304 autem
1240 1246 1424 1320 inscriptio-

337 1371 418 1412 num
440 1357 560 1428 partes,
593 1369 675 1429 quae
708 1369 786 1410 voce
818 1349 887 1437 περὶ
920 1352 1096 1426 incipiant,
1129 1352 1323 1428 plerumque
1356 1369 1422 1409 non

337 1459 377 1517 ab
398 1461 528 1516 anctore
550 1458 620 1532 ipso
643 1458 808 1528 inventas,
841 1456 897 1514 sed
925 1474 943 1514 a
970 1458 1156 1531 posterioris
1180 1458 1294 1516 aetatis
1324 1476 1422 1517 manu

337 1563 465 1622 additas
487 1578 555 1620 esse
577 1563 741 1621 existimo.
760 1562 784 1638 ¹)

378 1668 530 1728 Ueterum
563 1669 641 1728 haec
673 1669 847 1736 bactenus3
890 1668 970 1744 qnid
1003 1670 1093 1726 enim
1127 1671 1244 1728 attinet
1276 1670 1426 1745 pluribus

338 1792 508 1851 exponere,
528 1792 610 1852 quae
630 1776 812 1832 accuratius
832 1775 994 1832 ‹rlrscrvari
1017 1780 1049 1832 et
1072 1776 1192 1833 certius
1208 1775 1423 1834 demonstrari

339 1884 474 1957 possunt
489 1880 524 1938 in
539 1879 834 1938 declamationibus
849 1878 917 1937 illis
936 1897 1018 1956 quae
1036 1885 1220 1955 supersunt.
1245 1881 1424 1941 Videamus

339 1987 380 2046 de
411 1985 518 2044 titulis
540 1984 772 2060 opusculorum
795 2002 922 2057 eorum,
945 1984 1065 2044 deinde
1088 1991 1120 2043 et
1141 1992 1371 2059 argumentum
1394 1992 1426 2045 et

339 2094 452 2152 stilum
475 2090 729 2151 consideremus.

378 2513 562 2590 Utrumque
590 2530 671 2588 opus
696 2518 763 2572 tam
785 2512 940 2572 Aiantem
962 2531 1059 2589 quarn
1082 2513 1229 2586 Ulixem,
1258 2515 1293 2571 in
1316 2514 1426 2573 codice

339 2619 497 2693 Diogenis
518 2621 642 2694 optimo
664 2622 745 2690 iure,
768 2624 804 2676 ut
825 2619 965 2689 videtur,
992 2621 1098 2694 primo
1112 2623 1201 2677 torno
1215 2621 1425 2692 assignatum,

339 2724 506 2801 Ohappuis
538 2744 568 2800 p.
600 2723 640 2785 423
672 2744 717 2802 sq.
752 2727 861 2784 nescio
893 2742 934 2783 an
958 2724 1208 2784 Homericorum
1231 2725 1424 2785 bellatorum

339 2832 530 2891 nominibus
554 2833 632 2890 solis
650 2831 812 2889 adductus
833 2833 919 2889 inter
934 2848 971 2889 ea
986 2829 1196 2889 Antisthenis
1211 2848 1307 2906 opera
1330 2833 1427 2891 collo-

338 2941 397 3009 cat,
415 2954 497 3013 quae
507 2937 547 2996 de
558 2939 760 3009 argumentis
773 2936 959 2995 Homericis
970 2941 1081 3009 agunt,
1094 2937 1202 3013 itaque
1214 2936 1255 2995 ad
1270 2939 1426 2997 volumen

338 3047 488 3101 octavum
510 3043 562 3101 vel
585 3061 711 3102 nonum
734 3041 958 3101 transferenda
981 3046 1046 3100 tam
1068 3041 1184 3101 haecce
1203 3048 1313 3101 censet
1328 3061 1426 3120 quam

338 3148 600 3207 dissertationem
633 3149 673 3208 de
706 3167 784 3208 voce
816 3146 1034 3235 πολύτροπος.
1078 3147 1125 3206 De
1152 3148 1260 3207 titulis
1281 3151 1425 3223 primum

338 3254 517 3314 videamus.
547 3255 587 3313 In
608 3256 719 3314 Aiacis
742 3255 840 3313 titulo
862 3272 992 3314 summa
1013 3261 1061 3314 est
1082 3255 1264 3314 concordia.
1288 3253 1425 3327 Omnes,

338 3377 419 3436 quos
455 3362 617 3433 noverim,
654 3361 808 3433 editores,
848 3363 883 3419 in
913 3360 973 3420 hac
1005 3363 1166 3436 scriptura
1198 3363 1426 3420 consentiunt:

338 3464 418 3541 Αἴας
439 3465 458 3541 ἢ
481 3465 618 3542 Αἴαντος
645 3465 758 3554 λόγος.
803 3466 918 3526 Perse
941 3472 1042 3542 patet,
1072 3470 1194 3526 utiam
1218 3467 1427 3528 Casaubonus

337 3571 535 3645 observavit,
576 3572 664 3631 hunc
700 3573 835 3631 titulum
875 3573 1104 3648 accipiendum
1143 3591 1211 3632 esse
1243 3574 1284 3633 de
1316 3574 1426 3633 Aiacis

337 3675 493 3735 adversus
527 3675 660 3736 Ulixem
697 3680 852 3737 oratione.
906 3678 992 3736 Aiax
1028 3695 1156 3753 semper
1192 3696 1291 3736 manu
1327 3695 1424 3755 quam

337 3780 451 3855 lingua
473 3782 622 3854 validior,
645 3801 705 3841 nec
728 3790 838 3842 tamen
862 3784 1067 3860 eloquentiae
1089 3801 1220 3859 expers,
1243 3783 1297 3842 hic
1320 3801 1424 3843 coram

338 3887 505 3946 iudicibus
526 3888 681 3947 adversus
703 3889 862 3947 disertum
885 3895 1119 3966 versutumque
1140 3889 1363 3949 adversarium
1385 3889 1425 3948 ad

337 3992 526 4053 facundiam
559 3994 730 4054 devenisse
764 3995 902 4069 fingitur
940 4013 958 4054 a
990 3998 1157 4071 scriptore.
1208 3996 1426 4072 Expectamus

338 4100 439 4171 igitur
470 4104 541 4174 post
571 4101 682 4161 Aiacis
709 4104 904 4173 orationem,
934 4099 1041 4160 Ulixis
1063 4100 1305 4174 defensionem,
1327 4120 1425 4179 quam

371 4338 393 4399 ¹)
430 4338 556 4386 Similiter
588 4340 680 4388 Riesen
710 4340 735 4386 in
756 4341 921 4403 praelatione
945 4340 978 4388 ad
997 4341 1149 4389 'serentium
1169 4342 1310 4391 Varronem
1332 4343 1427 4391 titulos

337 4427 437 4492 plures,
455 4427 511 4476 sinc
528 4443 606 4476 cansa
623 4429 812 4477 additamentis
829 4430 953 4489 refertos,
970 4431 1071 4494 spurios
1088 4431 1187 4481 habuit.
