<?xml version="1.0" encoding="UTF-8"?>
<!DOCTYPE html PUBLIC "-//W3C//DTD XHTML 1.0 Transitional//EN"
    "http://www.w3.org/TR/xhtml1/DTD/xhtml1-transitional.dtd">
<html xmlns="http://www.w3.org/1999/xhtml" xml:lang="en" lang="en">
 <head>
  <title>
</title>
<meta http-equiv="Content-Type" content="text/html;charset=utf-8" />
  <meta name='ocr-system' content='tesseract 3.04.00' />
  <meta name='ocr-capabilities' content='ocr_page ocr_carea ocr_par ocr_line ocrx_word'/>
</head>
<body>
  <div class='ocr_page' id='page_1' title='image "./deantisthenisst01lulogoog_0093.png"; bbox 0 0 3524 5362; ppageno 0'>
   <div class='ocr_carea' id='block_1_1' title="bbox 941 452 980 518">
    <p class='ocr_par' dir='ltr' id='par_1_1' title="bbox 941 452 980 518">
     <span class='ocr_line' id='line_1_1' title="bbox 941 452 980 518; baseline 0 0"><span class='ocrx_word' id='word_1_1' title='bbox 941 452 980 518; x_wconf 84' lang='lat'>82</span> 
     </span>
    </p>
   </div>
   <div class='ocr_carea' id='block_1_2' title="bbox 417 638 1503 2196">
    <p class='ocr_par' dir='ltr' id='par_1_2' title="bbox 417 638 1503 1243">
     <span class='ocr_line' id='line_1_2' title="bbox 418 638 1503 718; baseline 0.002 -20"><span class='ocrx_word' id='word_1_2' title='bbox 418 655 500 716; x_wconf 89' lang='lat' dir='ltr'>quae</span> <span class='ocrx_word' id='word_1_3' title='bbox 522 640 710 716; x_wconf 73' lang='lat' dir='ltr'>ceteroquin</span> <span class='ocrx_word' id='word_1_4' title='bbox 736 642 829 714; x_wconf 83' lang='lat' dir='ltr'>iungi</span> <span class='ocrx_word' id='word_1_5' title='bbox 852 640 967 699; x_wconf 78' lang='lat' dir='ltr'><strong>solent.</strong></span> <span class='ocrx_word' id='word_1_6' title='bbox 999 640 1090 700; x_wconf 83' lang='lat' dir='ltr'>Talia</span> <span class='ocrx_word' id='word_1_7' title='bbox 1104 638 1258 714; x_wconf 84' lang='lat' dir='ltr'>Gorgiam</span> <span class='ocrx_word' id='word_1_8' title='bbox 1270 656 1399 718; x_wconf 90' lang='lat' dir='ltr'>quoque</span> <span class='ocrx_word' id='word_1_9' title='bbox 1411 638 1503 700; x_wconf 90' lang='lat' dir='ltr'>adhi-</span> 
     </span>
     <span class='ocr_line' id='line_1_3' title="bbox 417 744 1502 821; baseline 0.002 -17"><span class='ocrx_word' id='word_1_10' title='bbox 417 746 527 804; x_wconf 88' lang='lat' dir='ltr'>buisse</span> <span class='ocrx_word' id='word_1_11' title='bbox 538 744 675 804; x_wconf 84' lang='lat' dir='ltr'>artificia</span> <span class='ocrx_word' id='word_1_12' title='bbox 686 748 853 815; x_wconf 91' lang='lat' dir='ltr'>novimus;</span> <span class='ocrx_word' id='word_1_13' title='bbox 872 764 931 804; x_wconf 92' lang='lat' dir='ltr'>uec</span> <span class='ocrx_word' id='word_1_14' title='bbox 944 748 1076 818; x_wconf 91' lang='lat' dir='ltr'>mirum,</span> <span class='ocrx_word' id='word_1_15' title='bbox 1089 747 1217 821; x_wconf 91' lang='lat' dir='ltr'>periodi</span> <span class='ocrx_word' id='word_1_16' title='bbox 1232 747 1367 805; x_wconf 91' lang='lat' dir='ltr'>enimet</span> <span class='ocrx_word' id='word_1_17' title='bbox 1381 746 1502 820; x_wconf 84' lang='lat' dir='ltr'>figurae</span> 
     </span>
     <span class='ocr_line' id='line_1_4' title="bbox 418 851 1502 929; baseline 0.003 -20"><span class='ocrx_word' id='word_1_18' title='bbox 418 853 454 909; x_wconf 93' lang='lat' dir='ltr'>in</span> <span class='ocrx_word' id='word_1_19' title='bbox 478 851 652 911; x_wconf 86' lang='lat' dir='ltr'>artificiosa</span> <span class='ocrx_word' id='word_1_20' title='bbox 674 854 818 911; x_wconf 86' lang='lat' dir='ltr'>oratione</span> <span class='ocrx_word' id='word_1_21' title='bbox 840 853 1020 929; x_wconf 80' lang='lat' dir='ltr'>quaesitam</span> <span class='ocrx_word' id='word_1_22' title='bbox 1043 856 1278 912; x_wconf 85' lang='lat' dir='ltr'>sententarium</span> <span class='ocrx_word' id='word_1_23' title='bbox 1306 858 1502 912; x_wconf 78' lang='lat' dir='ltr'><strong>structuram</strong></span> 
     </span>
     <span class='ocr_line' id='line_1_5' title="bbox 418 955 1502 1035; baseline 0.004 -21"><span class='ocrx_word' id='word_1_24' title='bbox 418 956 575 1015; x_wconf 86' lang='lat' dir='ltr'>efficiunt.</span> <span class='ocrx_word' id='word_1_25' title='bbox 603 955 760 1015; x_wconf 81' lang='lat' dir='ltr'>Consulto</span> <span class='ocrx_word' id='word_1_26' title='bbox 781 962 943 1032; x_wconf 87' lang='lat' dir='ltr'>praeterea</span> <span class='ocrx_word' id='word_1_27' title='bbox 964 962 1076 1016; x_wconf 80' lang='lat' dir='ltr'>auctor</span> <span class='ocrx_word' id='word_1_28' title='bbox 1097 958 1250 1032; x_wconf 77' lang='lat' dir='ltr'>diligenti</span> <span class='ocrx_word' id='word_1_29' title='bbox 1267 961 1502 1035; x_wconf 73' lang='lat' dir='ltr'>compositione</span> 
     </span>
     <span class='ocr_line' id='line_1_6' title="bbox 418 1061 1501 1137; baseline 0.003 -17"><span class='ocrx_word' id='word_1_30' title='bbox 418 1066 450 1120; x_wconf 92' lang='lat' dir='ltr'>et</span> <span class='ocrx_word' id='word_1_31' title='bbox 482 1061 693 1120; x_wconf 85' lang='lat' dir='ltr'>collocatione</span> <span class='ocrx_word' id='word_1_32' title='bbox 725 1061 835 1120; x_wconf 87' lang='lat' dir='ltr'>verbis</span> <span class='ocrx_word' id='word_1_33' title='bbox 860 1064 927 1121; x_wconf 88' lang='lat' dir='ltr'>suis</span> <span class='ocrx_word' id='word_1_34' title='bbox 949 1063 1078 1137; x_wconf 90' lang='lat' dir='ltr'>pondus</span> <span class='ocrx_word' id='word_1_35' title='bbox 1099 1063 1177 1121; x_wconf 83' lang='lat' dir='ltr'>dare</span> <span class='ocrx_word' id='word_1_36' title='bbox 1199 1063 1317 1122; x_wconf 84' lang='lat' dir='ltr'>studet.</span> <span class='ocrx_word' id='word_1_37' title='bbox 1360 1063 1501 1123; x_wconf 89' lang='lat' dir='ltr'>Protulit</span> 
     </span>
     <span class='ocr_line' id='line_1_7' title="bbox 419 1166 1093 1243; baseline 0.003 -18"><span class='ocrx_word' id='word_1_38' title='bbox 419 1169 484 1226; x_wconf 85' lang='lat' dir='ltr'>iam</span> <span class='ocrx_word' id='word_1_39' title='bbox 507 1166 651 1227; x_wconf 86' lang='lat' dir='ltr'>Blassius</span> <span class='ocrx_word' id='word_1_40' title='bbox 674 1185 703 1225; x_wconf 90' lang='lat' dir='ltr'>v.</span> <span class='ocrx_word' id='word_1_41' title='bbox 725 1167 765 1226; x_wconf 89' lang='lat' dir='ltr'>cl.</span> <span class='ocrx_word' id='word_1_42' title='bbox 787 1167 937 1243; x_wconf 88' lang='lat' dir='ltr'>exempla</span> <span class='ocrx_word' id='word_1_43' title='bbox 959 1168 1093 1227; x_wconf 83' lang='lat' dir='ltr'>haecce:</span> 
     </span>
    </p>

    <p class='ocr_par' dir='ltr' id='par_1_3' title="bbox 418 1269 1503 1466">
     <span class='ocr_line' id='line_1_8' title="bbox 459 1269 1503 1362; baseline 0.003 -26"><span class='ocrx_word' id='word_1_44' title='bbox 459 1274 512 1332; x_wconf 75' lang='grc' dir='ltr'>Αἰ.</span> <span class='ocrx_word' id='word_1_45' title='bbox 533 1271 564 1332; x_wconf 75' lang='lat'>7:</span> <span class='ocrx_word' id='word_1_46' title='bbox 587 1270 686 1347; x_wconf 76' lang='grc' dir='ltr'>ἀλλ’ἢ</span> <span class='ocrx_word' id='word_1_47' title='bbox 701 1275 903 1358; x_wconf 82' lang='grc' dir='ltr'>μαχομένους</span> <span class='ocrx_word' id='word_1_48' title='bbox 918 1281 1041 1357; x_wconf 74' lang='grc' dir='ltr'>κρατεῖν</span> <span class='ocrx_word' id='word_1_49' title='bbox 1056 1272 1074 1348; x_wconf 82' lang='grc' dir='ltr'>ἢ</span> <span class='ocrx_word' id='word_1_50' title='bbox 1090 1269 1250 1340; x_wconf 70' lang='grc' dir='ltr'>δουλεύειν</span> <span class='ocrx_word' id='word_1_51' title='bbox 1266 1279 1371 1362; x_wconf 74' lang='grc' dir='ltr'>σιωπῇ</span> <span class='ocrx_word' id='word_1_52' title='bbox 1391 1307 1433 1316; x_wconf 94' lang='grc'>-</span> <span class='ocrx_word' id='word_1_53' title='bbox 1454 1276 1503 1332; x_wconf 88' lang='lat' dir='ltr'>in-</span> 
     </span>
     <span class='ocr_line' id='line_1_9' title="bbox 418 1375 1341 1466; baseline 0.01 -31"><span class='ocrx_word' id='word_1_54' title='bbox 418 1397 511 1438; x_wconf 87' lang='lat' dir='ltr'>verso</span> <span class='ocrx_word' id='word_1_55' title='bbox 532 1380 647 1439; x_wconf 90' lang='lat' dir='ltr'>ordine</span> <span class='ocrx_word' id='word_1_56' title='bbox 669 1379 756 1437; x_wconf 84' lang='lat' dir='ltr'>dixit</span> <span class='ocrx_word' id='word_1_57' title='bbox 776 1384 888 1438; x_wconf 88' lang='lat' dir='ltr'>auctor</span> <span class='ocrx_word' id='word_1_58' title='bbox 909 1397 980 1456; x_wconf 87' lang='lat' dir='ltr'>pro:</span> <span class='ocrx_word' id='word_1_59' title='bbox 1004 1384 1108 1466; x_wconf 70' lang='grc' dir='ltr'>σιωπῇ</span> <span class='ocrx_word' id='word_1_60' title='bbox 1129 1375 1299 1444; x_wconf 70' lang='grc' dir='ltr'>δουλεύειν·</span> <span class='ocrx_word' id='word_1_61' title='bbox 1316 1379 1341 1457; x_wconf 85' lang='lat'>¹)</span> 
     </span>
    </p>

    <p class='ocr_par' dir='ltr' id='par_1_4' title="bbox 420 1483 1501 1678">
     <span class='ocr_line' id='line_1_10' title="bbox 460 1483 1501 1572; baseline 0.004 -27"><span class='ocrx_word' id='word_1_62' title='bbox 460 1485 518 1545; x_wconf 88' lang='lat' dir='ltr'>Od.</span> <span class='ocrx_word' id='word_1_63' title='bbox 552 1483 588 1544; x_wconf 90' lang='lat' dir='ltr'>l:</span> <span class='ocrx_word' id='word_1_64' title='bbox 621 1491 669 1550; x_wconf 82' lang='grc' dir='ltr'>καὶ</span> <span class='ocrx_word' id='word_1_65' title='bbox 692 1483 815 1561; x_wconf 68' lang='grc' dir='ltr'>ζῶντος</span> <span class='ocrx_word' id='word_1_66' title='bbox 848 1484 887 1551; x_wconf 84' lang='grc' dir='ltr'>ἂν</span> <span class='ocrx_word' id='word_1_67' title='bbox 920 1483 1034 1571; x_wconf 76' lang='grc' dir='ltr'>ἔλεγον</span> <span class='ocrx_word' id='word_1_68' title='bbox 1067 1484 1246 1572; x_wconf 87' lang='grc' dir='ltr'>Ἀχιλλέως</span> <span class='ocrx_word' id='word_1_69' title='bbox 1268 1484 1501 1543; x_wconf 87' lang='lat' dir='ltr'>-divellitur</span> 
     </span>
     <span class='ocr_line' id='line_1_11' title="bbox 420 1589 862 1678; baseline -0.005 -20"><span class='ocrx_word' id='word_1_70' title='bbox 420 1590 544 1666; x_wconf 71' lang='grc' dir='ltr'>ζῶντος</span> <span class='ocrx_word' id='word_1_71' title='bbox 566 1591 606 1649; x_wconf 82' lang='lat' dir='ltr'>ab</span> <span class='ocrx_word' id='word_1_72' title='bbox 629 1589 820 1678; x_wconf 74' lang='grc' dir='ltr'>Ἀχιλλέως·</span> <span class='ocrx_word' id='word_1_73' title='bbox 834 1591 862 1666; x_wconf 72' lang='lat'>²)</span> 
     </span>
    </p>

    <p class='ocr_par' dir='ltr' id='par_1_5' title="bbox 459 1693 1499 1782">
     <span class='ocr_line' id='line_1_12' title="bbox 459 1693 1499 1782; baseline 0.016 -28"><span class='ocrx_word' id='word_1_74' title='bbox 459 1695 518 1756; x_wconf 88' lang='lat' dir='ltr'>Od.</span> <span class='ocrx_word' id='word_1_75' title='bbox 542 1695 573 1756; x_wconf 78' lang='lat'>2:</span> <span class='ocrx_word' id='word_1_76' title='bbox 598 1694 699 1761; x_wconf 87' lang='grc' dir='ltr'>πλέον</span> <span class='ocrx_word' id='word_1_77' title='bbox 721 1699 864 1782; x_wconf 73' lang='grc' dir='ltr'>ἐγίγνετο</span> <span class='ocrx_word' id='word_1_78' title='bbox 887 1693 980 1762; x_wconf 70' lang='grc' dir='ltr'>οὐδέν</span> <span class='ocrx_word' id='word_1_79' title='bbox 1001 1730 1040 1741; x_wconf 91' lang='grc'>-</span> <span class='ocrx_word' id='word_1_80' title='bbox 1063 1695 1499 1782; x_wconf 62' lang='lat' dir='ltr'>inlesp0n1l11r3757v⁶†⁰·⁸)</span> 
     </span>
    </p>

    <p class='ocr_par' dir='ltr' id='par_1_6' title="bbox 417 1799 1499 2196">
     <span class='ocr_line' id='line_1_13' title="bbox 459 1799 1498 1890; baseline 0.006 -31"><span class='ocrx_word' id='word_1_81' title='bbox 459 1799 518 1859; x_wconf 91' lang='lat' dir='ltr'>Od.</span> <span class='ocrx_word' id='word_1_82' title='bbox 542 1799 592 1861; x_wconf 79' lang='lat'>12:</span> <span class='ocrx_word' id='word_1_83' title='bbox 625 1802 682 1866; x_wconf 80' lang='grc' dir='ltr'>οὐκ</span> <span class='ocrx_word' id='word_1_84' title='bbox 714 1800 856 1866; x_wconf 65' lang='grc' dir='ltr'>οἶσθ’ὅτι</span> <span class='ocrx_word' id='word_1_85' title='bbox 888 1803 926 1866; x_wconf 83' lang='grc' dir='ltr'>οὐ</span> <span class='ocrx_word' id='word_1_86' title='bbox 959 1809 1015 1867; x_wconf 83' lang='grc' dir='ltr'>τοῦ</span> <span class='ocrx_word' id='word_1_87' title='bbox 1042 1808 1154 1890; x_wconf 80' lang='grc' dir='ltr'>νεκροῦ</span> <span class='ocrx_word' id='word_1_88' title='bbox 1175 1812 1243 1878; x_wconf 83' lang='grc' dir='ltr'>τοῖς</span> <span class='ocrx_word' id='word_1_89' title='bbox 1266 1807 1391 1888; x_wconf 73' lang='grc' dir='ltr'>Τρωσὶν</span> <span class='ocrx_word' id='word_1_90' title='bbox 1413 1800 1498 1865; x_wconf 74' lang='grc' dir='ltr'>ἀλλὰ</span> 
     </span>
     <span class='ocr_line' id='line_1_14' title="bbox 417 1904 1499 1993; baseline 0.001 -24"><span class='ocrx_word' id='word_1_91' title='bbox 417 1909 482 1970; x_wconf 79' lang='grc' dir='ltr'>τῶν</span> <span class='ocrx_word' id='word_1_92' title='bbox 514 1906 625 1971; x_wconf 85' lang='grc' dir='ltr'>ὅπλων</span> <span class='ocrx_word' id='word_1_93' title='bbox 658 1906 764 1987; x_wconf 76' lang='grc' dir='ltr'>ἔμελεν</span> <span class='ocrx_word' id='word_1_94' title='bbox 797 1910 884 1983; x_wconf 79' lang='grc' dir='ltr'>ὅπως</span> <span class='ocrx_word' id='word_1_95' title='bbox 912 1904 1047 1993; x_wconf 75' lang='grc' dir='ltr'>λάβοιεν</span> <span class='ocrx_word' id='word_1_96' title='bbox 1069 1910 1104 1966; x_wconf 82' lang='lat' dir='ltr'>in</span> <span class='ocrx_word' id='word_1_97' title='bbox 1129 1926 1193 1984; x_wconf 72' lang='lat' dir='ltr'>qua</span> <span class='ocrx_word' id='word_1_98' title='bbox 1214 1913 1375 1967; x_wconf 74' lang='lat' dir='ltr'>structura</span> <span class='ocrx_word' id='word_1_99' title='bbox 1396 1910 1499 1967; x_wconf 75' lang='lat' dir='ltr'>maxi-</span> 
     </span>
     <span class='ocr_line' id='line_1_15' title="bbox 417 2011 1499 2100; baseline 0.003 -31"><span class='ocrx_word' id='word_1_100' title='bbox 417 2029 504 2070; x_wconf 86' lang='lat' dir='ltr'>mam</span> <span class='ocrx_word' id='word_1_101' title='bbox 537 2013 606 2070; x_wconf 90' lang='lat' dir='ltr'>vim</span> <span class='ocrx_word' id='word_1_102' title='bbox 640 2012 757 2071; x_wconf 87' lang='lat' dir='ltr'>habere</span> <span class='ocrx_word' id='word_1_103' title='bbox 789 2014 887 2071; x_wconf 87' lang='lat' dir='ltr'>verba</span> <span class='ocrx_word' id='word_1_104' title='bbox 919 2015 954 2072; x_wconf 91' lang='lat' dir='ltr'>in</span> <span class='ocrx_word' id='word_1_105' title='bbox 988 2012 1052 2071; x_wconf 87' lang='lat' dir='ltr'>fine</span> <span class='ocrx_word' id='word_1_106' title='bbox 1084 2015 1206 2090; x_wconf 85' lang='lat' dir='ltr'>posita:</span> <span class='ocrx_word' id='word_1_107' title='bbox 1239 2015 1330 2090; x_wconf 69' lang='grc' dir='ltr'>ὅπως</span> <span class='ocrx_word' id='word_1_108' title='bbox 1362 2011 1499 2100; x_wconf 61' lang='grc' dir='ltr'>λάβοιεν</span> 
     </span>
     <span class='ocr_line' id='line_1_16' title="bbox 417 2117 1499 2196; baseline 0.01 -22"><span class='ocrx_word' id='word_1_109' title='bbox 417 2117 559 2194; x_wconf 88' lang='lat' dir='ltr'>quilibet</span> <span class='ocrx_word' id='word_1_110' title='bbox 588 2117 685 2176; x_wconf 81' lang='lat' dir='ltr'>facile</span> <span class='ocrx_word' id='word_1_111' title='bbox 717 2121 835 2177; x_wconf 82' lang='lat' dir='ltr'>sentiet</span> <span class='ocrx_word' id='word_1_112' title='bbox 866 2153 907 2162; x_wconf 97' lang='lat'>-</span> <span class='ocrx_word' id='word_1_113' title='bbox 935 2120 1023 2178; x_wconf 90' lang='lat' dir='ltr'>idem</span> <span class='ocrx_word' id='word_1_114' title='bbox 1046 2121 1132 2177; x_wconf 87' lang='lat' dir='ltr'>valet</span> <span class='ocrx_word' id='word_1_115' title='bbox 1154 2122 1189 2177; x_wconf 94' lang='lat' dir='ltr'>in</span> <span class='ocrx_word' id='word_1_116' title='bbox 1212 2118 1270 2179; x_wconf 88' lang='lat' dir='ltr'>Od.</span> <span class='ocrx_word' id='word_1_117' title='bbox 1294 2120 1341 2181; x_wconf 80' lang='lat'>12.</span> <span class='ocrx_word' id='word_1_118' title='bbox 1363 2154 1403 2164; x_wconf 96' lang='lat'>—</span> <span class='ocrx_word' id='word_1_119' title='bbox 1424 2124 1499 2196; x_wconf 80' lang='grc' dir='ltr'>τοὺς</span> 
     </span>
    </p>
   </div>
   <div class='ocr_carea' id='block_1_3' title="bbox 415 2324 1497 3231">
    <p class='ocr_par' dir='ltr' id='par_1_7' title="bbox 417 2324 874 2410">
     <span class='ocr_line' id='line_1_17' title="bbox 417 2324 874 2410; baseline 0.007 -18"><span class='ocrx_word' id='word_1_120' title='bbox 417 2329 460 2410; x_wconf 77' lang='grc' dir='ltr'>μή</span> <span class='ocrx_word' id='word_1_121' title='bbox 481 2324 669 2394; x_wconf 74' lang='grc' dir='ltr'>ἂποδῖδυυσι</span> <span class='ocrx_word' id='word_1_122' title='bbox 691 2331 832 2395; x_wconf 67' lang='grc' dir='ltr'>θάπτειν·</span> <span class='ocrx_word' id='word_1_123' title='bbox 847 2329 874 2407; x_wconf 85' lang='lat'>³)</span> 
     </span>
    </p>

    <p class='ocr_par' dir='ltr' id='par_1_8' title="bbox 458 2432 1267 2512">
     <span class='ocr_line' id='line_1_18' title="bbox 458 2432 1267 2512; baseline 0.004 -21"><span class='ocrx_word' id='word_1_124' title='bbox 458 2432 557 2493; x_wconf 90' lang='lat' dir='ltr'>Hisce</span> <span class='ocrx_word' id='word_1_125' title='bbox 579 2434 739 2509; x_wconf 84' lang='lat' dir='ltr'>exemplis</span> <span class='ocrx_word' id='word_1_126' title='bbox 761 2437 931 2512; x_wconf 89' lang='lat' dir='ltr'>sequentia</span> <span class='ocrx_word' id='word_1_127' title='bbox 952 2435 1130 2510; x_wconf 84' lang='lat' dir='ltr'>adjungere</span> <span class='ocrx_word' id='word_1_128' title='bbox 1152 2435 1267 2494; x_wconf 87' lang='lat' dir='ltr'>velim:</span> 
     </span>
    </p>

    <p class='ocr_par' dir='ltr' id='par_1_9' title="bbox 415 2536 1497 2942">
     <span class='ocr_line' id='line_1_19' title="bbox 456 2536 1496 2631; baseline 0.012 -35"><span class='ocrx_word' id='word_1_129' title='bbox 456 2538 510 2598; x_wconf 80' lang='grc' dir='ltr'>Αἰ.</span> <span class='ocrx_word' id='word_1_130' title='bbox 544 2536 574 2598; x_wconf 77' lang='lat'>7:</span> <span class='ocrx_word' id='word_1_131' title='bbox 608 2540 770 2625; x_wconf 65' lang='grc' dir='ltr'>γνώσεσθε</span> <span class='ocrx_word' id='word_1_132' title='bbox 803 2543 849 2604; x_wconf 83' lang='grc' dir='ltr'>ὅτι</span> <span class='ocrx_word' id='word_1_133' title='bbox 882 2537 1028 2623; x_wconf 77' lang='grc' dir='ltr'>οὐδεμέαν</span> <span class='ocrx_word' id='word_1_134' title='bbox 1061 2539 1124 2627; x_wconf 78' lang='grc' dir='ltr'>’ἔχει</span> <span class='ocrx_word' id='word_1_135' title='bbox 1155 2540 1260 2626; x_wconf 84' lang='grc' dir='ltr'>λόγος</span> <span class='ocrx_word' id='word_1_136' title='bbox 1295 2545 1378 2629; x_wconf 90' lang='grc' dir='ltr'>πρὸς</span> <span class='ocrx_word' id='word_1_137' title='bbox 1400 2542 1496 2631; x_wconf 77' lang='grc' dir='ltr'>ἔργον</span> 
     </span>
     <span class='ocr_line' id='line_1_20' title="bbox 416 2641 1497 2732; baseline 0.006 -32"><span class='ocrx_word' id='word_1_138' title='bbox 416 2647 513 2731; x_wconf 73' lang='grc' dir='ltr'>ἰσχύν</span> <span class='ocrx_word' id='word_1_139' title='bbox 545 2678 586 2687; x_wconf 97' lang='grc'>-</span> <span class='ocrx_word' id='word_1_140' title='bbox 617 2641 765 2727; x_wconf 70' lang='grc' dir='ltr'>οὐδεμίαν</span> <span class='ocrx_word' id='word_1_141' title='bbox 798 2645 895 2720; x_wconf 86' lang='lat' dir='ltr'>longo</span> <span class='ocrx_word' id='word_1_142' title='bbox 930 2646 1103 2704; x_wconf 85' lang='lat' dir='ltr'>intervallo</span> <span class='ocrx_word' id='word_1_143' title='bbox 1133 2646 1174 2704; x_wconf 90' lang='lat' dir='ltr'>ab</span> <span class='ocrx_word' id='word_1_144' title='bbox 1207 2649 1302 2732; x_wconf 76' lang='grc' dir='ltr'>ἰσχὺν</span> <span class='ocrx_word' id='word_1_145' title='bbox 1322 2654 1497 2723; x_wconf 83' lang='lat' dir='ltr'>separatur,</span> 
     </span>
     <span class='ocr_line' id='line_1_21' title="bbox 416 2750 1497 2838; baseline 0.003 -31"><span class='ocrx_word' id='word_1_146' title='bbox 416 2767 518 2826; x_wconf 91' lang='lat' dir='ltr'>quum</span> <span class='ocrx_word' id='word_1_147' title='bbox 552 2751 685 2825; x_wconf 88' lang='lat' dir='ltr'>insuper</span> <span class='ocrx_word' id='word_1_148' title='bbox 716 2750 898 2825; x_wconf 85' lang='lat' dir='ltr'>euphoniae</span> <span class='ocrx_word' id='word_1_149' title='bbox 930 2750 1065 2810; x_wconf 84' lang='lat' dir='ltr'>fortasse</span> <span class='ocrx_word' id='word_1_150' title='bbox 1099 2768 1194 2809; x_wconf 87' lang='lat' dir='ltr'>causa</span> <span class='ocrx_word' id='word_1_151' title='bbox 1227 2752 1312 2810; x_wconf 88' lang='lat' dir='ltr'>inter</span> <span class='ocrx_word' id='word_1_152' title='bbox 1339 2750 1444 2838; x_wconf 85' lang='grc' dir='ltr'>λόγος</span> <span class='ocrx_word' id='word_1_153' title='bbox 1465 2759 1497 2811; x_wconf 88' lang='lat' dir='ltr'>et</span> 
     </span>
     <span class='ocr_line' id='line_1_22' title="bbox 415 2854 924 2942; baseline 0.002 -31"><span class='ocrx_word' id='word_1_154' title='bbox 415 2857 511 2942; x_wconf 77' lang='grc' dir='ltr'>ἰσχὺν</span> <span class='ocrx_word' id='word_1_155' title='bbox 533 2855 693 2912; x_wconf 67' lang='lat' dir='ltr'>inseratur</span> <span class='ocrx_word' id='word_1_156' title='bbox 713 2856 797 2942; x_wconf 79' lang='grc' dir='ltr'>πρὸς</span> <span class='ocrx_word' id='word_1_157' title='bbox 819 2854 924 2942; x_wconf 70' lang='grc' dir='ltr'>ἔργον.</span> 
     </span>
    </p>

    <p class='ocr_par' dir='ltr' id='par_1_10' title="bbox 415 2955 1496 3231">
     <span class='ocr_line' id='line_1_23' title="bbox 456 2955 1496 3045; baseline 0.005 -22"><span class='ocrx_word' id='word_1_158' title='bbox 456 2959 516 3018; x_wconf 77' lang='lat' dir='ltr'>Od·</span> <span class='ocrx_word' id='word_1_159' title='bbox 553 2958 584 3018; x_wconf 74' lang='lat'>72</span> <span class='ocrx_word' id='word_1_160' title='bbox 621 2963 668 3024; x_wconf 80' lang='grc' dir='ltr'>καὶ</span> <span class='ocrx_word' id='word_1_161' title='bbox 706 2955 827 3024; x_wconf 74' lang='grc' dir='ltr'>δεδιότα</span> <span class='ocrx_word' id='word_1_162' title='bbox 858 2961 915 3024; x_wconf 80' lang='grc' dir='ltr'>τὸν</span> <span class='ocrx_word' id='word_1_163' title='bbox 948 2959 1090 3025; x_wconf 66' lang='grc' dir='ltr'>θάνατον</span> <span class='ocrx_word' id='word_1_164' title='bbox 1121 2960 1257 3042; x_wconf 80' lang='grc' dir='ltr'>μάλιστα</span> <span class='ocrx_word' id='word_1_165' title='bbox 1290 2995 1329 3004; x_wconf 93' lang='grc'>-</span> <span class='ocrx_word' id='word_1_166' title='bbox 1359 2962 1496 3045; x_wconf 81' lang='grc' dir='ltr'>μάλιστα</span> 
     </span>
     <span class='ocr_line' id='line_1_24' title="bbox 416 3063 1494 3142; baseline 0.004 -18"><span class='ocrx_word' id='word_1_167' title='bbox 416 3066 559 3124; x_wconf 82' lang='lat' dir='ltr'>maxime</span> <span class='ocrx_word' id='word_1_168' title='bbox 593 3063 778 3140; x_wconf 89' lang='lat' dir='ltr'>(timentem</span> <span class='ocrx_word' id='word_1_169' title='bbox 808 3065 960 3142; x_wconf 87' lang='lat' dir='ltr'>mortem)</span> <span class='ocrx_word' id='word_1_170' title='bbox 994 3066 1142 3124; x_wconf 83' lang='lat' dir='ltr'>consulto</span> <span class='ocrx_word' id='word_1_171' title='bbox 1164 3072 1365 3141; x_wconf 88' lang='lat' dir='ltr'>postremum</span> <span class='ocrx_word' id='word_1_172' title='bbox 1388 3069 1494 3128; x_wconf 88' lang='lat' dir='ltr'>locum</span> 
     </span>
     <span class='ocr_line' id='line_1_25' title="bbox 415 3172 550 3231; baseline -0.007 0"><span class='ocrx_word' id='word_1_173' title='bbox 415 3172 550 3231; x_wconf 91' lang='lat' dir='ltr'>obtinet.</span> 
     </span>
    </p>
   </div>
   <div class='ocr_carea' id='block_1_4' title="bbox 414 3271 1496 3566">
    <p class='ocr_par' dir='ltr' id='par_1_11' title="bbox 414 3266 1496 3566">
     <span class='ocr_line' id='line_1_26' title="bbox 455 3271 1496 3366; baseline 0.012 -31"><span class='ocrx_word' id='word_1_174' title='bbox 455 3276 514 3336; x_wconf 92' lang='lat' dir='ltr'>Od.</span> <span class='ocrx_word' id='word_1_175' title='bbox 544 3274 576 3335; x_wconf 84' lang='lat'>9:</span> <span class='ocrx_word' id='word_1_176' title='bbox 605 3275 643 3339; x_wconf 84' lang='grc' dir='ltr'>οὐ</span> <span class='ocrx_word' id='word_1_177' title='bbox 675 3276 738 3361; x_wconf 80' lang='grc' dir='ltr'>γὰρ</span> <span class='ocrx_word' id='word_1_178' title='bbox 762 3271 862 3340; x_wconf 75' lang='grc' dir='ltr'>δοκεῖν</span> <span class='ocrx_word' id='word_1_179' title='bbox 884 3278 902 3339; x_wconf 88' lang='grc' dir='ltr'><strong>ὁ</strong></span> <span class='ocrx_word' id='word_1_180' title='bbox 924 3275 1094 3356; x_wconf 79' lang='grc' dir='ltr'>πολεμικὸς</span> <span class='ocrx_word' id='word_1_181' title='bbox 1116 3275 1203 3340; x_wconf 76' lang='grc' dir='ltr'>ἀλλὰ</span> <span class='ocrx_word' id='word_1_182' title='bbox 1227 3275 1371 3366; x_wconf 61' lang='lat' dir='ltr'>&amp;pavia</span> <span class='ocrx_word' id='word_1_183' title='bbox 1394 3286 1440 3346; x_wconf 77' lang='lat' dir='ltr'>xci</span> <span class='ocrx_word' id='word_1_184' title='bbox 1464 3285 1496 3348; x_wconf 81' lang='grc' dir='ltr'>ἐν</span> 
     </span>
     <span class='ocr_line' id='line_1_27' title="bbox 416 3379 1495 3471; baseline -0.001 -25"><span class='ocrx_word' id='word_1_185' title='bbox 416 3386 512 3471; x_wconf 72' lang='grc' dir='ltr'>ἡμέρα</span> <span class='ocrx_word' id='word_1_186' title='bbox 540 3380 588 3447; x_wconf 74' lang='grc' dir='ltr'>καὶ</span> <span class='ocrx_word' id='word_1_187' title='bbox 612 3382 645 3445; x_wconf 81' lang='grc' dir='ltr'>ἐν</span> <span class='ocrx_word' id='word_1_188' title='bbox 668 3385 751 3445; x_wconf 78' lang='grc' dir='ltr'>νυκτὶ</span> <span class='ocrx_word' id='word_1_189' title='bbox 774 3379 857 3464; x_wconf 77' lang='grc' dir='ltr'>φιλεῖ</span> <span class='ocrx_word' id='word_1_190' title='bbox 877 3408 905 3444; x_wconf 83' lang='grc' dir='ltr'>τι</span> <span class='ocrx_word' id='word_1_191' title='bbox 926 3414 965 3423; x_wconf 92' lang='lat'>-</span> <span class='ocrx_word' id='word_1_192' title='bbox 988 3386 1099 3441; x_wconf 86' lang='lat' dir='ltr'>contra</span> <span class='ocrx_word' id='word_1_193' title='bbox 1121 3382 1286 3454; x_wconf 77' lang='lat' dir='ltr'>vulgarem</span> <span class='ocrx_word' id='word_1_194' title='bbox 1312 3401 1406 3442; x_wconf 90' lang='lat' dir='ltr'>usum</span> <span class='ocrx_word' id='word_1_195' title='bbox 1430 3385 1461 3445; x_wconf 88' lang='lat' dir='ltr'>h.</span> <span class='ocrx_word' id='word_1_196' title='bbox 1475 3386 1495 3445; x_wconf 94' lang='lat' dir='ltr'>l.</span> 
     </span>
     <span class='ocr_line' id='line_1_28' title="bbox 414 3486 1062 3566; baseline -0.003 -19"><span class='ocrx_word' id='word_1_197' title='bbox 414 3518 442 3555; x_wconf 73' lang='grc' dir='ltr'>η</span> <span class='ocrx_word' id='word_1_198' title='bbox 464 3490 573 3566; x_wconf 87' lang='lat' dir='ltr'>posuit</span> <span class='ocrx_word' id='word_1_199' title='bbox 593 3491 706 3546; x_wconf 89' lang='lat' dir='ltr'>auctor</span> <span class='ocrx_word' id='word_1_200' title='bbox 727 3487 763 3545; x_wconf 92' lang='lat' dir='ltr'>in</span> <span class='ocrx_word' id='word_1_201' title='bbox 784 3489 965 3545; x_wconf 86' lang='lat' dir='ltr'>sententiae</span> <span class='ocrx_word' id='word_1_202' title='bbox 988 3486 1062 3546; x_wconf 88' lang='lat' dir='ltr'>fine.</span> 
     </span>
    </p>
   </div>
   <div class='ocr_carea' id='block_1_5' title="bbox 455 3589 1495 3680">
    <p class='ocr_par' dir='ltr' id='par_1_12' title="bbox 455 3589 1495 3680">
     <span class='ocr_line' id='line_1_29' title="bbox 455 3589 1495 3680; baseline -0.002 -24"><span class='ocrx_word' id='word_1_203' title='bbox 455 3593 514 3652; x_wconf 84' lang='lat' dir='ltr'>Od.</span> <span class='ocrx_word' id='word_1_204' title='bbox 537 3591 589 3652; x_wconf 78' lang='lat'>12:</span> <span class='ocrx_word' id='word_1_205' title='bbox 611 3593 649 3657; x_wconf 80' lang='grc' dir='ltr'>τὰ</span> <span class='ocrx_word' id='word_1_206' title='bbox 674 3589 705 3657; x_wconf 72' lang='grc' dir='ltr'>δὲ</span> <span class='ocrx_word' id='word_1_207' title='bbox 718 3591 804 3657; x_wconf 85' lang='grc' dir='ltr'>ὅπλα</span> <span class='ocrx_word' id='word_1_208' title='bbox 817 3591 987 3667; x_wconf 63' lang='grc' dir='ltr'>ιἰναὲήσιιν</span> <span class='ocrx_word' id='word_1_209' title='bbox 999 3597 1042 3667; x_wconf 75' lang='grc' dir='ltr'>εἷς</span> <span class='ocrx_word' id='word_1_210' title='bbox 1053 3594 1090 3657; x_wconf 84' lang='grc' dir='ltr'>τὰ</span> <span class='ocrx_word' id='word_1_211' title='bbox 1104 3595 1169 3680; x_wconf 79' lang='grc' dir='ltr'>ἱερὰ</span> <span class='ocrx_word' id='word_1_212' title='bbox 1181 3604 1249 3669; x_wconf 86' lang='grc' dir='ltr'>τοῖς</span> <span class='ocrx_word' id='word_1_213' title='bbox 1260 3598 1347 3670; x_wconf 66' lang='grc' dir='ltr'>θεοῖς</span> <span class='ocrx_word' id='word_1_214' title='bbox 1358 3630 1398 3639; x_wconf 93' lang='grc'><strong>-</strong></span> <span class='ocrx_word' id='word_1_215' title='bbox 1409 3615 1495 3655; x_wconf 89' lang='lat' dir='ltr'>com-</span> 
     </span>
    </p>
   </div>
   <div class='ocr_carea' id='block_1_6' title="bbox 412 3823 1496 4517">
    <p class='ocr_par' dir='ltr' id='par_1_13' title="bbox 413 3823 1496 3981">
     <span class='ocr_line' id='line_1_30' title="bbox 413 3823 1496 3892; baseline 0.002 -16"><span class='ocrx_word' id='word_1_216' title='bbox 413 3828 439 3876; x_wconf 78' lang='grc' dir='ltr'>ἐκ</span> <span class='ocrx_word' id='word_1_217' title='bbox 463 3825 599 3892; x_wconf 81' lang='grc' dir='ltr'>φρυγάνων</span> <span class='ocrx_word' id='word_1_218' title='bbox 616 3823 733 3881; x_wconf 79' lang='grc' dir='ltr'>ἀναστὰς</span> <span class='ocrx_word' id='word_1_219' title='bbox 752 3824 890 3887; x_wconf 63' lang='grc' dir='ltr'>ἅνθρωπος</span> <span class='ocrx_word' id='word_1_220' title='bbox 908 3823 1031 3886; x_wconf 76' lang='grc' dir='ltr'>ὀδυνήσει,</span> <span class='ocrx_word' id='word_1_221' title='bbox 1049 3825 1131 3875; x_wconf 74' lang='grc' dir='ltr'>καίτοι</span> <span class='ocrx_word' id='word_1_222' title='bbox 1147 3826 1226 3876; x_wconf 75' lang='grc' dir='ltr'>ταύτὸ</span> <span class='ocrx_word' id='word_1_223' title='bbox 1244 3825 1334 3888; x_wconf 79' lang='grc' dir='ltr'>εἰπὼν,</span> <span class='ocrx_word' id='word_1_224' title='bbox 1353 3828 1382 3877; x_wconf 79' lang='grc' dir='ltr'>ού</span> <span class='ocrx_word' id='word_1_225' title='bbox 1400 3830 1496 3878; x_wconf 73' lang='grc' dir='ltr'>ταύτὸν</span> 
     </span>
     <span class='ocr_line' id='line_1_31' title="bbox 413 3911 1117 3981; baseline -0.004 -15"><span class='ocrx_word' id='word_1_226' title='bbox 413 3918 448 3968; x_wconf 77' lang='grc' dir='ltr'>ἔτι</span> <span class='ocrx_word' id='word_1_227' title='bbox 466 3915 646 3981; x_wconf 70' lang='grc' dir='ltr'>νομισθήσεται</span> <span class='ocrx_word' id='word_1_228' title='bbox 663 3911 753 3978; x_wconf 79' lang='grc' dir='ltr'>λέγειν.</span> <span class='ocrx_word' id='word_1_229' title='bbox 771 3940 802 3948; x_wconf 89' lang='grc'>-</span> <span class='ocrx_word' id='word_1_230' title='bbox 819 3912 855 3961; x_wconf 79' lang='lat' dir='ltr'>cf,</span> <span class='ocrx_word' id='word_1_231' title='bbox 874 3913 954 3961; x_wconf 78' lang='lat' dir='ltr'>lilass.</span> <span class='ocrx_word' id='word_1_232' title='bbox 972 3913 1001 3962; x_wconf 90' lang='grc'>11.</span> <span class='ocrx_word' id='word_1_233' title='bbox 1019 3929 1043 3976; x_wconf 90' lang='lat' dir='ltr'>p.</span> <span class='ocrx_word' id='word_1_234' title='bbox 1061 3916 1117 3963; x_wconf 76' lang='lat'>342.</span> 
     </span>
    </p>

    <p class='ocr_par' dir='ltr' id='par_1_14' title="bbox 412 4002 1496 4246">
     <span class='ocr_line' id='line_1_32' title="bbox 447 4002 1496 4070; baseline 0.002 -18"><span class='ocrx_word' id='word_1_235' title='bbox 447 4008 469 4070; x_wconf 86' lang='grc'>1)</span> <span class='ocrx_word' id='word_1_236' title='bbox 488 4005 564 4065; x_wconf 76' lang='lat' dir='ltr'>„Unci</span> <span class='ocrx_word' id='word_1_237' title='bbox 581 4019 609 4052; x_wconf 92' lang='lat' dir='ltr'>so</span> <span class='ocrx_word' id='word_1_238' title='bbox 626 4003 713 4051; x_wconf 86' lang='lat' dir='ltr'>finden</span> <span class='ocrx_word' id='word_1_239' title='bbox 732 4003 780 4050; x_wconf 85' lang='lat' dir='ltr'>wir</span> <span class='ocrx_word' id='word_1_240' title='bbox 796 4002 864 4050; x_wconf 90' lang='lat' dir='ltr'>auch</span> <span class='ocrx_word' id='word_1_241' title='bbox 881 4002 939 4050; x_wconf 89' lang='lat' dir='ltr'>hier</span> <span class='ocrx_word' id='word_1_242' title='bbox 950 4003 1008 4050; x_wconf 91' lang='lat' dir='ltr'>eine</span> <span class='ocrx_word' id='word_1_243' title='bbox 1020 4003 1106 4052; x_wconf 87' lang='lat' dir='ltr'>solche</span> <span class='ocrx_word' id='word_1_244' title='bbox 1118 4005 1247 4066; x_wconf 77' lang='lat' dir='ltr'>gewiihlte</span> <span class='ocrx_word' id='word_1_245' title='bbox 1262 4005 1453 4070; x_wconf 79' lang='lat' dir='ltr'>ii&#39;ortstciluug</span> <span class='ocrx_word' id='word_1_246' title='bbox 1463 4036 1496 4043; x_wconf 99' lang='lat'><em>-</em></span> 
     </span>
     <span class='ocr_line' id='line_1_33' title="bbox 412 4091 1495 4157; baseline -0.002 -11"><span class='ocrx_word' id='word_1_247' title='bbox 412 4098 471 4146; x_wconf 81' lang='lat' dir='ltr'>weil</span> <span class='ocrx_word' id='word_1_248' title='bbox 498 4095 560 4144; x_wconf 80' lang='lat' dir='ltr'>Aias</span> <span class='ocrx_word' id='word_1_249' title='bbox 584 4095 642 4142; x_wconf 87' lang='lat' dir='ltr'>hier</span> <span class='ocrx_word' id='word_1_250' title='bbox 667 4093 717 4142; x_wconf 87' lang='lat' dir='ltr'>den</span> <span class='ocrx_word' id='word_1_251' title='bbox 743 4091 919 4152; x_wconf 80' lang='lat' dir='ltr'>redelentigcu</span> <span class='ocrx_word' id='word_1_252' title='bbox 937 4091 1067 4154; x_wconf 72' lang='lat' dir='ltr'>odysseus</span> <span class='ocrx_word' id='word_1_253' title='bbox 1084 4098 1242 4156; x_wconf 87' lang='lat' dir='ltr'>verspottet,</span> <span class='ocrx_word' id='word_1_254' title='bbox 1260 4094 1305 4142; x_wconf 79' lang='lat' dir='ltr'>‹lcr</span> <span class='ocrx_word' id='word_1_255' title='bbox 1322 4095 1430 4143; x_wconf 80' lang='lat' dir='ltr'>alsdmm</span> <span class='ocrx_word' id='word_1_256' title='bbox 1449 4112 1495 4157; x_wconf 81' lang='lat' dir='ltr'>gar</span> 
     </span>
     <span class='ocr_line' id='line_1_34' title="bbox 412 4181 1340 4246; baseline -0.004 -10"><span class='ocrx_word' id='word_1_257' title='bbox 412 4187 487 4237; x_wconf 89' lang='lat' dir='ltr'>nicht</span> <span class='ocrx_word' id='word_1_258' title='bbox 504 4184 582 4233; x_wconf 84' lang='lat' dir='ltr'>reden</span> <span class='ocrx_word' id='word_1_259' title='bbox 600 4183 682 4231; x_wconf 52' lang='grc' dir='ltr'>(ΜΡ</span> <span class='ocrx_word' id='word_1_260' title='bbox 699 4210 732 4217; x_wconf 99' lang='grc'>-</span> <span class='ocrx_word' id='word_1_261' title='bbox 748 4182 859 4246; x_wconf 79' lang='grc' dir='ltr'>χιασμός</span> <span class='ocrx_word' id='word_1_262' title='bbox 877 4196 978 4243; x_wconf 89' lang='lat' dir='ltr'>quoquc</span> <span class='ocrx_word' id='word_1_263' title='bbox 996 4181 1044 4230; x_wconf 85' lang='lat' dir='ltr'>hac</span> <span class='ocrx_word' id='word_1_264' title='bbox 1062 4182 1232 4230; x_wconf 84' lang='lat' dir='ltr'>collocatione</span> <span class='ocrx_word' id='word_1_265' title='bbox 1249 4182 1340 4232; x_wconf 83' lang='lat' dir='ltr'>oritur.</span> 
     </span>
    </p>

    <p class='ocr_par' dir='ltr' id='par_1_15' title="bbox 412 4270 1495 4429">
     <span class='ocr_line' id='line_1_35' title="bbox 444 4270 1495 4338; baseline 0.001 -16"><span class='ocrx_word' id='word_1_266' title='bbox 444 4275 468 4338; x_wconf 81' lang='lat'>¹)</span> <span class='ocrx_word' id='word_1_267' title='bbox 487 4275 555 4334; x_wconf 89' lang='lat' dir='ltr'>„Mit</span> <span class='ocrx_word' id='word_1_268' title='bbox 571 4273 713 4334; x_wconf 78' lang='lat' dir='ltr'>&#39;l&#39;rennung</span> <span class='ocrx_word' id='word_1_269' title='bbox 730 4271 774 4319; x_wconf 85' lang='lat' dir='ltr'>des</span> <span class='ocrx_word' id='word_1_270' title='bbox 793 4270 1113 4332; x_wconf 80' lang='lat' dir='ltr'>Zusammcngehiirigcn.”</span> <span class='ocrx_word' id='word_1_271' title='bbox 1131 4300 1163 4306; x_wconf 91' lang='lat'><strong>—</strong></span> <span class='ocrx_word' id='word_1_272' title='bbox 1189 4272 1259 4319; x_wconf 78' lang='lat' dir='ltr'>Talis</span> <span class='ocrx_word' id='word_1_273' title='bbox 1275 4273 1413 4322; x_wconf 84' lang='lat' dir='ltr'>verborum</span> <span class='ocrx_word' id='word_1_274' title='bbox 1433 4276 1495 4324; x_wconf 88' lang='lat' dir='ltr'>ordo</span> 
     </span>
     <span class='ocr_line' id='line_1_36' title="bbox 412 4360 864 4429; baseline -0.009 -17"><span class='ocrx_word' id='word_1_275' title='bbox 412 4367 514 4429; x_wconf 83' lang='lat' dir='ltr'>saepius</span> <span class='ocrx_word' id='word_1_276' title='bbox 531 4363 600 4426; x_wconf 81' lang='lat' dir='ltr'>apud</span> <span class='ocrx_word' id='word_1_277' title='bbox 618 4365 707 4425; x_wconf 83' lang='lat' dir='ltr'>poetas</span> <span class='ocrx_word' id='word_1_278' title='bbox 725 4360 864 4409; x_wconf 86' lang='lat' dir='ltr'>iuvenitur.</span> 
     </span>
    </p>

    <p class='ocr_par' dir='ltr' id='par_1_16' title="bbox 443 4449 1382 4517">
     <span class='ocr_line' id='line_1_37' title="bbox 443 4449 1382 4517; baseline 0.001 -16"><span class='ocrx_word' id='word_1_279' title='bbox 443 4453 467 4517; x_wconf 79' lang='lat'>³)</span> <span class='ocrx_word' id='word_1_280' title='bbox 486 4454 553 4514; x_wconf 76' lang='lat' dir='ltr'>„tiit</span> <span class='ocrx_word' id='word_1_281' title='bbox 571 4452 739 4512; x_wconf 67' lang='lat' dir='ltr'>energischeu</span> <span class='ocrx_word' id='word_1_282' title='bbox 758 4449 1078 4512; x_wconf 82' lang='lat' dir='ltr'>Zusammcnschlicssung</span> <span class='ocrx_word' id='word_1_283' title='bbox 1093 4451 1138 4499; x_wconf 83' lang='lat' dir='ltr'>des</span> <span class='ocrx_word' id='word_1_284' title='bbox 1155 4466 1254 4514; x_wconf 76' lang='lat' dir='ltr'>genuen</span> <span class='ocrx_word' id='word_1_285' title='bbox 1272 4453 1382 4502; x_wconf 80' lang='lat' dir='ltr'>Satzcs.&#39;&#39;</span> 
     </span>
    </p>
   </div>
   <div class='ocr_carea' id='block_1_7' title="bbox 0 0 1766 5362">
    <p class='ocr_par' dir='ltr' id='par_1_17' title="bbox 0 0 1766 5362">
     <span class='ocr_line' id='line_1_38' title="bbox 0 0 1766 5362; baseline 0 2"><span class='ocrx_word' id='word_1_286' title='bbox 0 0 1766 5362; x_wconf 95' lang='lat' dir='ltr'> </span> 
     </span>
    </p>
   </div>
  </div>
 </body>
</html>
