3796 5430
924 433 964 496 49

400 618 466 692 via,
498 625 535 679 ut
565 638 769 680 summorum
798 618 943 678 virorum
965 616 1117 694 exempla
1138 614 1259 676 sumlui
1281 621 1392 692 poetae
1414 634 1487 675 auc·

400 726 562 786 toritatem
585 726 750 803 discipulis
772 725 989 785 ostenderent.

442 831 505 892 Sed
537 833 614 892 licet
643 834 787 891 multum
818 831 972 890 tribuerit
998 830 1182 889 auctoritati
1216 828 1351 887 Homeri
1376 828 1488 886 Antis·

399 938 525 1012 thenes,
548 957 614 998 non
637 956 765 1014 semper
786 955 861 996 eum
885 937 1010 1009 laudat,
1026 938 1129 993 immo
1144 937 1171 992 si
1187 952 1268 1011 opus
1283 940 1345 1006 est,
1361 937 1488 1010 vitupe-

400 1061 470 1102 rare
485 1061 561 1101 eum
583 1042 697 1116 audet,
720 1046 758 1101 ut
779 1043 859 1101 fecii
880 1042 1108 1115 Anaxagoram
1139 1045 1235 1113 negat
1256 1056 1386 1116 quoqne
1408 1056 1489 1097 non-

401 1167 586 1226 nunquam,
608 1150 788 1208 sententias
806 1150 1067 1207 narrationemve
1085 1151 1198 1221 poetae
1213 1145 1258 1203 ita
1271 1162 1363 1219 posse
1374 1145 1488 1218 accipi,

401 1263 438 1315 ut
458 1255 633 1314 traduntur
654 1259 686 1312 et
707 1253 807 1327 vulgo
829 1252 1059 1337 explicantur,
1079 1250 1172 1322 Quod
1184 1249 1319 1324 Cynicis
1334 1249 1489 1308 omnibus

400 1361 470 1419 fere
491 1361 660 1435 proprium
683 1375 752 1416 esse
774 1356 921 1427 videtur,
953 1314 1030 1414 mssr
1057 1356 1147 1414 enim
1177 1353 1341 1426 Diogenes
1360 1355 1386 1432 ¹)
1409 1372 1439 1413 v.
1462 1371 1489 1412 o.

402 1464 539 1523 Homeri
570 1463 727 1536 frigidam
760 1461 908 1521 fabulam
941 1461 982 1519 de
1010 1460 1154 1519 Hercule
1179 1459 1306 1519 deridet
1327 1464 1358 1519 et
1380 1463 1490 1536 postea

402 1570 485 1629 Bion
499 1569 527 1647 ³)
549 1569 671 1644 pariter
692 1567 919 1641 Theognidem
942 1572 1071 1642 poetam
1094 1567 1236 1639 castIgat.

441 1676 521 1734 Arte
553 1692 610 1734 sua
631 1673 777 1749 Cynicus
799 1673 950 1732 homines
971 1672 1012 1730 ad
1034 1673 1198 1747 principia
1219 1669 1383 1730 audienda
1405 1671 1490 1729 invi·

401 1781 503 1854 tubat,
534 1781 575 1839 ad
603 1782 722 1856 scripta
754 1779 892 1853 legenda
922 1778 1098 1850 excitabat,
1133 1777 1168 1836 id
1195 1795 1272 1836 vero
1298 1794 1336 1835 eo
1360 1780 1488 1836 tantum

401 1885 578 1963 proposito,
616 1890 652 1945 ut
682 1890 785 1945 artem
813 1886 974 1961 poeticam
1001 1885 1042 1944 ad
1065 1884 1228 1943 docendos
1255 1883 1408 1943 homines
1433 1902 1491 1960 pro

401 1992 522 2051 ancilla
546 1991 772 2067 philosophiae
794 1990 997 2050 adhiberent.
1012 1988 1040 2067 3)
1084 1988 1289 2064 Quantopere
1315 1991 1394 2049 artis
1415 2007 1490 2065 pos·

401 2101 484 2157 ticae
516 2099 681 2157 venustati
714 2115 750 2156 ac
781 2097 935 2170 dignitati
968 2114 1007 2155 eo
1040 2095 1178 2155 consilio
1199 2112 1294 2170 saepe
1316 2096 1490 2154 nocuerint

402 2201 535 2277 Cynici,
568 2219 847 2279 supervacaneum
880 2200 949 2260 fere
982 2205 1030 2261 est
1061 2201 1169 2260 dicere
1201 2234 1241 2243 —
1267 2217 1370 2277 quum
1400 2201 1490 2258 enim

403 2308 502 2383 vulgo
524 2309 558 2368 id
580 2308 699 2367 efficiat
714 2309 834 2384 poesis,
857 2312 894 2366 ut
916 2307 1013 2366 modo
1035 2306 1208 2366 altioribus
1228 2308 1331 2365 animi
1347 2304 1491 2364 affectio-

402 2414 501 2473 nibus
532 2412 646 2473 efferat
677 2413 832 2472 lectorem
865 2413 962 2472 modo
983 2413 1070 2472 iacta
1091 2419 1123 2472 et
1144 2430 1195 2472 res
1215 2416 1321 2487 gestas
1342 2411 1492 2471 sensibus

403 2521 495 2595 quasi
517 2520 688 2594 subjiciat,
711 2519 856 2600 Cynicus
878 2519 1094 2596 philosophus
1121 2521 1156 2578 in
1181 2517 1382 2578 carminibus
1403 2516 1490 2576 nihil
1559 2503 1563 2512 ¹

404 2625 469 2682 nisi
492 2623 724 2698 adjumentum
747 2626 889 2697 invenit,
912 2643 977 2702 quo
998 2624 1118 2701 placita
1133 2642 1191 2684 sua
1202 2624 1375 2699 discipulis
1387 2625 1491 2696 magis

403 2730 655 2790 commendaret.
667 2732 695 2796 *l
722 2729 935 2789 Antisthenes
956 2746 1032 2804 ergo
1048 2734 1085 2788 ut
1097 2730 1195 2789 multi
1208 2732 1279 2788 eins
1290 2731 1403 2788 aetatis
1418 2728 1491 2805 phi·

403 2834 546 2910 losephi,
587 2835 716 2895 fabulas
758 2835 798 2894 ab
830 2837 1026 2911 antiquitate
1058 2835 1192 2894 traditas
1224 2835 1264 2894 ad
1296 2853 1365 2894 rem
1398 2851 1489 2893 suam

403 2940 558 3000 transfert
579 2940 1069 3017 etproconsi110su0mutat⁵)
1093 2946 1148 2999 aut
1165 2946 1314 3012 exornat,
1337 2940 1492 3016 quemad-

405 3045 540 3104 modum
562 3048 716 3105 novimus
736 3050 846 3121 poetas
865 3047 1011 3105 scenicos
1030 3045 1160 3104 easdem
1184 3049 1272 3105 varie
1294 3050 1435 3105 mutasse
1461 3049 1493 3104 et

404 3151 536 3209 adrem
558 3155 761 3226 praesentem
783 3150 1053 3209 accommodasse.

444 3255 613 3328 Ceterum,
645 3262 682 3314 ut
713 3255 775 3315 hoc
806 3255 939 3326 addam,
972 3255 1206 3314 Antisthenem
1228 3258 1263 3314 in
1286 3256 1404 3316 ethicis
1424 3257 1493 3315 suis

404 3361 569 3421 adamasse
591 3361 782 3436 mythorum
796 3378 893 3419 usum
913 3359 1069 3420 Julianus
1082 3361 1196 3420 multis
1213 3362 1294 3421 locis
1313 3360 1492 3438 testatur⁶).

437 3553 461 3616 ι)
494 3554 589 3604 Weber
604 3554 632 3603 ll.
650 3567 675 3617 p.
693 3554 740 3600 152
757 3552 788 3601 od
808 3551 899 3615 Odyss.
918 3552 966 3613 XI,
984 3553 1033 3600 000
1048 3566 1087 3614 sq.
1105 3550 1222 3613 (εῖὸωλον
1240 3552 1382 3613 Herculis.)

437 3642 461 3706 ¹)
494 3644 590 3693 Weber
606 3644 636 3692 ll.
652 3658 678 3706 p.
696 3643 751 3692 180.
768 3641 845 3690 -cf.
864 3641 952 3689 Hense
969 3641 1003 3689 od
1021 3640 1129 3690 Bionem
1142 3640 1209 3691 llus.
1223 3641 1306 3692 Rhcn.
1320 3645 1390 3704 1802,
1400 3658 1425 3707 p.
1434 3645 1492 3692 235:

406 3732 462 3781 Wic
486 3732 537 3782 nei
557 3732 586 3795 J'a
607 3732 656 3780 wie
678 3730 837 3779 willkiirlich
862 3730 905 3779 die
928 3730 1048 3792 Kyniker
1064 3731 1149 3778 zumal
1167 3731 1217 3778 mit
1235 3732 1422 3781 Homerisohen
1439 3734 1494 3781 und

407 3821 624 3886 Euripideisohen
651 3821 791 3870 Materiale
816 3833 992 3884 umsprangen
1019 3818 1156 3868 bedorf...
1178 3819 1269 3868 keiner
1287 3821 1446 3884 Darlegung.
1461 3848 1494 3857 -

407 3912 455 3973 (cf.
472 3911 536 3961 Luc.
554 3913 603 3960 vit.
621 3915 691 3960 auct.
710 3911 747 3972 9.)
767 3910 803 3959 id.
822 3925 846 3974 p.
865 3911 919 3959 234.

437 3999 463 4064 ⁸)
496 4001 531 4051 cf.
548 4000 644 4051 Weber
660 4001 702 4060 11.,
720 4014 744 4064 p.
762 4001 802 4061 79,
820 4001 859 4060 91,
878 4000 925 4048 170
941 4013 979 4062 sq.

439 4089 462 4151 ⁴)
496 4089 675 4153 Wyttenbach
683 4088 788 4153 dephil.
796 4087 1398 4152 laud—ChappuIsll.‚p.40·42.-Weberll,
1407 4091 1495 4153 p.181.

438 4177 462 4242 ⁸)
495 4180 554 4230 Joel
570 4181 612 4240 ll.,
629 4196 655 4244 p.
671 4181 720 4230 418
736 4207 769 4216 -
786 4180 832 4229 der
849 4179 910 4228 Reiz
932 4179 978 4228 der
1000 4179 1136 4228 Tradition
1159 4195 1189 4228 zu
1208 4180 1416 4244 widerspreohen
1433 4195 1495 4243 mag

407 4271 469 4320 Ant.
486 4285 507 4319 a.
525 4270 555 4319 B.
580 4284 613 4318 cu
638 4270 710 4319 einer
733 4269 914 4331 ungiinstigen
936 4268 1100 4331 Anslsssung
1120 4269 1185 4318 iiber
1203 4270 1246 4319 die
1263 4272 1341 4335 copia
1357 4270 1403 4320 des
1422 4271 1495 4320 Pala·

407 4356 493 4405 medos
510 4356 657 4406 veraniasst
674 4356 821 4407 habam...
844 4356 939 4406 Stollb.
957 4357 991 4406 od
1011 4357 1077 4407 Plct.
1095 4357 1196 4420 Prot-ag.
1215 4373 1240 4423 p.
1257 4360 1306 4408 320
1323 4359 1352 4408 O.
1371 4361 1402 4408 D.

439 4445 464 4507 ⁶)
497 4446 597 4496 Julian.
615 4447 690 4496 Orat.
708 4446 790 4507 VIII,
808 4461 834 4511 p.
851 4448 899 4496 209
910 4448 942 4496 Α.
957 4474 991 4482 -
1003 4446 1043 4496 Id.
1060 4462 1085 4512 p.
1103 4449 1150 4496 215
1169 4448 1241 4498 Β.-
1255 4449 1294 4498 ld.
1311 4464 1336 4513 p.
1352 4452 1401 4498 217
1419 4450 1495 4500 Η.-

1350 4539 1372 4599 4
