3524 5362
868 448 887 507 9

338 631 475 689 tandum
507 635 555 689 est¹
587 631 627 689 de
650 632 820 708 utriusque
842 630 1064 689 oratiunculae
1088 632 1221 703 ingenio
1243 649 1279 688 ac
1302 630 1424 690 indole.

338 735 528 795 Fueruntue
549 738 669 810 scripta
683 735 861 795 rhetorica?
883 737 931 795 Ac
947 738 1101 795 convenit.
1116 753 1219 794 necne
1231 736 1424 795 Antistheni

337 840 502 899 scribendi
523 859 627 915 genus
648 841 869 900 rhetoricum?
892 839 1007 900 Libros
1028 841 1237 900 Antisthenis
1260 842 1294 898 in
1315 840 1424 899 indice

338 945 496 1020 Diogenis
526 947 708 1006 secundum
741 946 891 1006 ordinem
923 947 1067 1023 aliquem
1100 947 1242 1019 digestos
1270 952 1367 1022 atque
1389 947 1424 1003 in

336 1052 506 1110 volumina
528 1052 719 1111 distributos
734 1069 802 1111 esee
817 1070 915 1127 supra
928 1052 1084 1110 vidimus.
1109 1051 1291 1110 Rhetoricis
1306 1050 1426 1109 studiis

337 1158 446 1233 itaque
468 1174 598 1232 operam
621 1157 661 1215 ab
683 1156 881 1216 Antisthene
902 1174 971 1216 esse
993 1164 1143 1215 navatam
1165 1158 1232 1214 iam
1247 1157 1308 1230 ipsi
1325 1157 1423 1230 primi

337 1262 518 1321 voluminis
532 1263 621 1320 tituli
637 1262 816 1334 declarant,
832 1262 1019 1339 philosophi
1036 1263 1170 1320 Aiacem
1182 1267 1278 1338 atque
1290 1260 1423 1322 Ulixem

337 1386 433 1443 opera
463 1366 624 1426 rhetorica
653 1367 755 1426 fuisse
788 1368 887 1427 simul
914 1385 951 1425 eo
972 1366 1126 1439 efficitur,
1149 1366 1236 1442 quod
1260 1367 1424 1440 inprime

337 1474 507 1532 volumine
539 1474 694 1532 collocata
725 1473 875 1546 fuerunt,
906 1475 939 1532 in
974 1492 1038 1550 quo
1067 1473 1238 1531 volumine
1270 1490 1336 1530 non
1360 1473 1422 1532 nisi

336 1579 496 1637 rhetorica
528 1581 648 1654 scripta
685 1581 912 1639 inveniunt-ur.
955 1578 1039 1638 Sane
1066 1596 1132 1637 non
1160 1576 1324 1636 sufficient
1345 1576 1424 1635 haec

335 1691 540 1759 argumente,
564 1687 731 1743 utstatim
753 1688 989 1745 constituamus
1012 1686 1133 1744 idcirco
1155 1684 1423 1753 declamationes,

336 1794 377 1852 de
409 1811 547 1870 quarum
580 1798 709 1852 auctore
741 1795 943 1870 quaerimus,
975 1811 1104 1851 summo
1134 1794 1205 1850 iure
1232 1788 1423 1848 Antistheni

336 1899 453 1970 tribui,
477 1900 554 1975 quia
575 1917 592 1955 e
615 1915 732 1972 genere
755 1899 917 1958 rhetorico
932 1901 998 1958 sint
1010 1899 1058 1973 (id
1072 1898 1158 1975 quod
1174 1915 1270 1955 nemo
1282 1894 1423 1968 negabit,

336 2006 393 2082 qui
431 2005 483 2063 vel
520 2004 620 2062 semel
658 2009 785 2063 tantum
822 2022 874 2063 eas
906 2005 1093 2080 perlegerit)
1126 2003 1183 2061 sed
1216 2002 1277 2061 hoc
1309 1999 1422 2060 saltem

336 2110 514 2181 constabit,
537 2111 813 2170 declamationum
832 2112 1032 2169 rhetoricum
1044 2111 1185 2169 colorem
1199 2126 1265 2167 non
1282 2109 1422 2178 obstare,

336 2218 514 2292 quominus
536 2217 728 2275 Antistheni
751 2235 804 2276 eas
825 2217 1018 2276 tribuamus.

378 2322 418 2380 iit
450 2340 580 2382 necesse
613 2326 675 2381 erit
707 2329 738 2381 et
771 2341 885 2398 operae
917 2325 1059 2399 pretium
1090 2322 1221 2380 videtur
1242 2322 1423 2380 accuratius

336 2430 482 2502 primum
508 2429 679 2504 exquirere
701 2428 860 2505 quidnam
883 2429 923 2487 de
945 2428 1154 2487 Antisthenis
1176 2427 1296 2486 studiis
1317 2426 1423 2484 rheto-

336 2535 412 2592 ricis
433 2533 567 2592 aliunde
590 2536 789 2593 noverimus.
833 2534 1062 2605 Quaerendum
1085 2552 1160 2607 ergo
1184 2540 1246 2605 est,
1268 2552 1287 2591 a
1301 2531 1422 2608 quibus

336 2639 550 2698 Antisthenes
586 2640 781 2700 rhetoricam
819 2640 971 2700 didicerit
1008 2646 1038 2699 et
1075 2659 1140 2718 quo
1172 2648 1318 2715 tempore
1350 2657 1420 2697 eam

334 2750 437 2804 artem
459 2749 653 2806 exercuerit.

377 2852 560 2924 Praeterea,
593 2853 680 2929 quod
713 2871 787 2911 cuin
821 2851 880 2911 hac
913 2855 1103 2929 quaestione
1136 2859 1221 2910 arcte
1252 2851 1421 2910 cohaerere

336 2957 481 3030 videtur,
517 2961 566 3032 agi
602 2959 699 3017 debet
731 2959 771 3016 de
803 2959 960 3033 peculiari
993 2957 1110 3017 harum
1144 2957 1420 3016 declamationum

333 3081 461 3134 genere.
506 3062 650 3122 Fortasse
674 3067 762 3123 enim
785 3071 876 3138 sunt,
898 3067 956 3142 qui
980 3071 1099 3139 negent
1122 3065 1233 3125 fictum
1258 3065 1342 3122 illud
1357 3064 1421 3123 (lis-

334 3170 513 3243 putationis
544 3188 662 3243 genus,
695 3189 760 3247 quo
782 3171 847 3230 duo
869 3172 1002 3248 quidam
1028 3173 1105 3237 viri,
1128 3173 1263 3230 nomine
1285 3172 1364 3229 clari
1386 3189 1422 3229 ae

335 3273 446 3346 rebus,
487 3276 573 3333 inter
611 3292 644 3333 ee
686 3280 844 3334 certantes
884 3277 1189 3350 introducebantur,
1228 3275 1421 3334 Antistheni

335 3376 459 3451 Cynico
481 3379 583 3438 tribui
606 3397 708 3454 posse.
750 3380 893 3439 Auctore
915 3385 1005 3440 enim
1027 3381 1233 3452 Quintiliano
1252 3383 1275 3457 ¹)
1298 3384 1421 3457 priores

333 3483 510 3558 sophistae,
534 3480 669 3558 Gorgiae
693 3486 843 3563 aequales
859 3487 1114 3547 declamationes
1129 3506 1257 3547 sumere
1273 3489 1421 3548 solebant

332 3605 350 3644 e
380 3605 501 3662 genere
534 3588 806 3659 demonstrative,
841 3593 928 3668 quod
960 3597 1086 3651 constat
1113 3595 1148 3650 in
1175 3592 1420 3653 laudationibus

332 3697 389 3751 aut
411 3695 721 3769 vituperationibus,
745 3698 906 3756 orationes
928 3703 1036 3756 autem
1060 3697 1099 3755 ad
1120 3699 1338 3757 imitationem
1356 3699 1420 3758 fori

333 3797 425 3857 fictae
458 3801 479 3857 i.
512 3818 538 3857 e.
572 3818 612 3857 ex
644 3818 761 3873 genere
795 3802 942 3860 iudiciali
974 3805 1130 3878 repetitae
1152 3805 1238 3862 cirea
1259 3803 1418 3864 Demetrii

332 3903 466 3962 demum
490 3904 638 3963 Phalerei
661 3910 791 3982 tempus
814 3908 893 3982 tingi
916 3914 1047 3984 coeptae
1069 3927 1137 3967 esse
1158 3909 1361 3970 dicebantur.

374 4008 522 4067 Primum
551 4027 640 4069 nune
671 4011 869 4084 videndum,
902 4014 1037 4089 quinam
1060 4013 1186 4072 tuerint
1208 4015 1419 4075 Antisthenis

332 4116 488 4188 magistri.

343 4328 585 4336 ——-—-—

363 4449 385 4512 ¹)
421 4452 509 4503 instit.
530 4453 571 4513 ll,
589 4455 616 4514 ⁴,
635 4455 674 4503 41.
708 4453 820 4502 Mueller
839 4469 862 4517 p.
881 4455 919 4503 32.
