3524 5362
871 396 890 457 8

336 577 445 636 verbis
467 576 662 636 describere:
685 576 815 649 „Nimis
837 583 962 636 certum
984 583 1032 636 est
1054 577 1229 652 legendum
1252 595 1320 635 csse-
1345 577 1420 663 ὑπὲρ

334 656 514 757 Ὀδυσσέως
550 687 605 741 aut
641 688 726 742 certe
758 684 862 770 λόγος
895 679 1087 758 Ὀδυσσέως,
1120 687 1156 741 ut
1189 683 1286 741 modo
1322 684 1421 742 dixit:

338 789 415 863 Αἴας
437 788 455 864 ἢ
478 788 616 865 Αἴαντος
637 789 750 877 λόγος.
777 789 864 848 Malo
885 792 961 874 ὑπὲρ
984 795 1016 848 et
1029 807 1159 847 meeum
1183 788 1279 864 (scio)
1292 790 1420 860 sentiet,

335 897 392 971 qui
429 897 608 954 orationem
641 894 771 971 plenam
804 893 949 969 legerit.”
992 893 1079 966 Legi,
1113 895 1170 953 sed
1192 893 1314 953 idcirco
1336 894 1418 952 milii

336 1000 470 1076 quidem
502 999 588 1057 illud
618 1005 686 1085 περὶ
719 996 898 1074 Ὀδυσσέως
932 999 970 1074 (s.
1004 1001 1079 1087 ὑπὲρ
1104 997 1170 1064 Ὀδ.
1196 999 1283 1076 quod
1306 1017 1421 1075 parum

335 1105 475 1180 differt)
511 1106 631 1163 mirum
666 1111 825 1182 qnantum
857 1106 1019 1181 displicet.
1062 1103 1148 1174 Quid
1181 1106 1289 1162 enim?
1332 1103 1421 1162 Num

335 1208 403 1267 sola
424 1210 509 1270 facta
530 1210 639 1271 Ulixis
655 1215 845 1270 narrantur?
876 1211 965 1270 Num
981 1212 1021 1271 de
1036 1214 1107 1270 eius
1122 1216 1236 1268 natura
1251 1228 1288 1268 ac
1300 1209 1421 1280 indole,

335 1321 404 1403 περὶ
436 1317 532 1380 αὐτοῦ
557 1314 760 1391 disputatur?
793 1316 945 1387 Minime3
976 1317 1088 1376 Aiacis
1110 1332 1264 1391 personae
1286 1331 1422 1389 persona

335 1422 445 1483 Ulixis
477 1424 666 1498 opponitur,
699 1425 756 1481 sed
788 1441 853 1481 non
886 1422 1042 1483 describit
1073 1427 1184 1480 auctor
1215 1423 1283 1479 suis
1314 1420 1423 1478 verbis

335 1529 485 1599 heroem,
507 1546 622 1587 rernm
645 1532 774 1604 propria
796 1531 940 1588 oratione
963 1534 1109 1588 utentem
1131 1528 1220 1587 facit.
1258 1525 1319 1586 Cui
1346 1526 1423 1584 scri·

335 1634 434 1692 bendi
472 1636 584 1708 generi
624 1633 710 1692 nihil
750 1637 854 1707 magis
893 1637 1048 1693 convenit
1080 1651 1177 1710 quam
1210 1631 1333 1706 duplex
1366 1629 1422 1687 ille

335 1738 470 1797 titulus:
492 1733 666 1812 Ὀδυσσεὺς
688 1738 706 1812 ἢ
728 1736 909 1813 Ὀδυσσέως·
930 1736 1045 1824 λόγος.
1062 1739 1087 1814 ¹)

376 1841 416 1901 Et
454 1860 665 1924 personarum
706 1846 865 1918 oppositio
906 1848 937 1902 et
974 1843 1121 1913 analogia
1159 1842 1242 1900 hanc
1281 1840 1421 1899 formam

335 1944 579 2008 commendant:
602 1948 818 2006 inscribamus
840 1950 941 2022 igitur
962 1948 1095 2006 alteram
1118 1949 1297 2005 orationem
1310 1946 1421 2004 eadem

335 2056 459 2113 ratione
492 2072 527 2114 ac
558 2056 715 2128 priorem,
743 2056 770 2113 si
793 2054 928 2130 quidem
950 2055 1089 2113 alterum
1112 2054 1247 2111 titulum
1271 2052 1420 2112 additum

335 2179 403 2220 esse
425 2161 465 2219 ab
488 2160 685 2220 Antisthene
708 2163 777 2237 ipso
800 2178 990 2235 persuasum
1014 2160 1180 2218 habemus.
1224 2158 1371 2232 Etenim,
1394 2162 1420 2217 si

335 2268 410 2344 quis
431 2271 487 2324 aut
509 2269 543 2324 in
565 2272 629 2325 tarn
654 2284 752 2341 prava
777 2267 927 2325 codicum
950 2266 1142 2324 condicione
1164 2266 1303 2323 alterum
1325 2264 1422 2323 illum

335 2370 471 2429 titulum
505 2369 538 2447 (ἢ
561 2366 742 2445 Ὀδυσσέως
764 2368 884 2456 λόγος)
906 2371 1167 2429 additamentum
1184 2368 1211 2445 ²)
1233 2376 1358 2440 censet,
1381 2388 1422 2427 ne

336 2466 476 2551 Diogeni
508 2477 644 2554 quidem
667 2477 913 2552 imputandum,
941 2481 996 2535 aut
1017 2477 1057 2534 ab
1079 2476 1287 2534 Antisthenis
1309 2474 1422 2532 saltem

335 2583 473 2642 consilio
508 2583 606 2641 illum
642 2582 787 2641 alienum
819 2599 887 2640 esse
920 2587 951 2639 et
982 2582 1022 2639 ab
1054 2581 1118 2639 alio
1149 2586 1292 2653 auctore,
1324 2598 1423 2657 quem

335 2688 530 2766 sequebatur
563 2686 725 2762 Diogenes
757 2687 1017 2746 additamentum
1052 2688 1189 2758 indicat,
1216 2705 1283 2745 non
1304 2687 1423 2768 haheo,

336 2812 400 2871 «pao
432 2811 627 2868 magnopere
658 2794 716 2852 tali
750 2791 873 2851 iu'dieio
907 2793 1056 2866 refrager.
1096 2792 1196 2868 Saepe
1225 2795 1315 2852 enim
1337 2795 1424 2868 apud

336 2899 496 2974 sophistas
540 2903 675 2958 nomina
719 2900 787 2958 fere
834 2900 902 2958 sola
940 2900 1156 2957 inveniuntur
1201 2916 1328 2967 eorum,
1366 2900 1423 2976 qui

336 3007 457 3080 primas
484 3008 668 3064 orationum
701 3010 806 3080 parics
835 3010 951 3078 agunt,
975 3004 1078 3062 veluti
1111 3002 1248 3077 Gorgiae
1283 3003 1423 3076 Helena,

337 3109 540 3183 Palamedes,
572 3110 813 3169 Alcidamantis
845 3109 960 3168 Ulixes
992 3114 1024 3167 et
1057 3111 1159 3184 ipsius
1198 3109 1423 3169 Antisthenis:

336 3213 367 3273 5:
397 3218 517 3290 Λυσίας
539 3221 586 3280 καὶ
608 3216 792 3302 Ἰσοκράτης
808 3214 859 3274 20:
878 3221 986 3301 Κῦρος
1002 3213 1052 3274 23:
1065 3210 1225 3279 Ἀσπασία
1237 3220 1296 3273 cet.
1319 3214 1423 3284 Quem

337 3321 442 3392 enim,
476 3322 605 3379 emissis
636 3321 884 3392 additamentis,
917 3321 1015 3379 latere
1041 3325 1160 3396 potest,
1183 3321 1308 3397 quade
1331 3339 1424 3379 eausa

336 3424 450 3486 heroes
487 3425 565 3502 Αἴας
601 3433 633 3486 et
664 3423 838 3500 Ὀδυσσεὺς
872 3434 1091 3502 opponantur,
1124 3428 1315 3486 nominibus
1347 3427 1425 3486 solis

336 3532 507 3591 indicatis?

378 3743 552 3823 Postquam
589 3747 628 3804 de
661 3746 768 3804 titulis
800 3747 1041 3820 disputavimus
1073 3748 1137 3804 iam
1172 3746 1282 3819 paucis
1314 3745 1425 3818 dispu-

371 4049 390 4115 ¹)
425 4050 619 4099 Cossutianum
641 4048 741 4097 hancce
763 4051 869 4095 tantum
892 4047 1056 4108 comprobari
1071 4062 1158 4109 posse.
1181 4047 1202 4094 si
1223 4047 1352 4107 Diogenes
1370 4047 1426 4096 iure

336 4139 594 4190 declamatiunculas
605 4139 713 4187 Aiacem
725 4142 751 4186 et
766 4137 870 4185 Ulixem
884 4137 1041 4185 Antistheni
1054 4135 1191 4194 tribuerit,
1209 4152 1254 4198 per
1267 4152 1293 4185 se
1306 4141 1424 4199 apparet.

339 4231 401 4278 Post
417 4229 522 4292 copiose
539 4229 675 4277 ostendam
696 4228 807 4289 Diogeni
827 4228 876 4276 hac
895 4227 922 4274 in
941 4241 967 4274 rc
986 4226 1062 4274 iidem
1080 4241 1133 4274 esse
1151 4226 1310 4275 habendam.

370 4321 392 4384 ¹)
429 4320 534 4377 Reiske,
561 4320 645 4370 Orati.
677 4320 720 4368 Gr.
752 4318 830 4368 Vlll.
863 4335 886 4381 p.
914 4322 944 4367 52
972 4316 1085 4365 affinnat
1118 4316 1145 4363 in
1175 4315 1295 4364 Parisino
1322 4315 1425 4377 codiee,

338 4427 427 4462 revera
445 4409 531 4460 nudos
548 4410 642 4458 titulos
659 4410 718 4471 legi.
