3524 5362
857 427 896 489 92

335 602 439 676 Ulixi,
461 610 566 680 partes
581 623 661 681 quas
676 605 796 682 ubique
811 606 925 679 agebat
941 606 1013 680 iste,
1028 612 1149 680 tuetur,
1165 607 1417 667 fraudulentiam

335 711 422 785 apud
444 728 557 768 omnes
579 711 737 770 famosam
755 710 910 784 singulari
926 711 1049 771 ratione
1065 717 1197 772 excusat
1212 717 1244 771 et
1258 711 1416 772 defendit.

376 814 516 875 Facilius
537 815 701 891 explicatu
722 815 936 892 patrocinium
959 817 1042 876 illud
1065 816 1115 889 fit,
1140 816 1167 876 si
1190 818 1299 877 denuo
1321 816 1419 893 Cyni-

336 939 406 980 carn
439 919 619 980 disserendi
651 927 682 980 et
703 920 915 981 ratiocinandi
937 923 1094 982 rationem
1116 922 1205 984 Ulixi
1227 923 1268 982 ab
1288 928 1418 983 auctore

335 1026 517 1100 subjectam
548 1025 749 1102 respicimus.
792 1026 870 1097 Quis
902 1026 989 1087 enim
1019 1028 1104 1088 inter
1139 1027 1300 1105 principes
1331 1030 1417 1105 apud

336 1130 517 1190 Homerum
549 1131 655 1207 aptius
687 1129 843 1205 ostendit,
876 1133 952 1210 quid
986 1152 1043 1209 per
1068 1140 1186 1220 σοφίαν
1208 1141 1240 1194 et
1261 1137 1418 1224 φρόνησιν

336 1235 419 1295 effici
441 1235 554 1312 possit,
576 1236 649 1314 quis
670 1236 762 1297 iuxta
785 1237 961 1297 Herculem
978 1239 1095 1299 melius
1109 1241 1322 1311 demonstrat,
1338 1239 1417 1318 quid

335 1344 466 1401 animus
487 1342 636 1401 laborum
658 1342 783 1418 patiens
804 1342 839 1402 in
862 1342 926 1403 vita
941 1344 1045 1404 valeat
1061 1364 1159 1422 quam
1175 1345 1312 1407 Ulixes?
1339 1345 1418 1416 Quis

335 1445 453 1506 clarius
485 1446 656 1508 confirmet
688 1451 745 1514 τὸν
777 1451 881 1535 σόφου
913 1468 981 1509 esse
1015 1457 1063 1516 καὶ
1098 1452 1278 1538 ἀγαθόν’),
1306 1458 1418 1510 contra

334 1555 410 1628 τοὺς
432 1553 576 1641 ἄφρονας
595 1557 786 1636 guicardus?
819 1553 897 1626 Quis
930 1555 1057 1616 felicius
1089 1556 1225 1633 peregit,
1254 1555 1415 1634 quidquid

335 1657 488 1733 suscepit,
525 1659 556 1718 id
599 1665 778 1734 assecutus,
821 1662 909 1738 quod
952 1662 1127 1722 consilium
1169 1663 1418 1721 commendabat

335 1762 507 1838 prudentia
531 1766 598 1824 sola
619 1784 655 1824 ac
677 1765 791 1841 peritia
816 1767 957 1826 ductus?
1001 1767 1118 1826 Nonne
1140 1767 1296 1845 denique,
1319 1773 1355 1826 ut
1377 1767 1417 1825 de

334 1868 467 1946 reliquis
498 1876 637 1943 taceam,
670 1871 822 1931 novimus
854 1871 961 1948 ipsum
994 1873 1226 1933 Antisthenem
1257 1872 1300 1931 ita
1321 1871 1418 1931 inter·

335 1980 496 2051 prelatum
527 1995 594 2036 esse
626 1980 662 2043 ri,
687 1976 794 2038 Ulixis
815 1977 1034 2065 πολύτροπον,
1056 1984 1092 2037 ut
1113 1978 1200 2038 varie
1222 1997 1298 2037 eum
1320 1979 1417 2037 verba

334 2079 520 2140 auditorum
542 2082 681 2157 ingeniis
701 2084 945 2142 accommodare
967 2101 1058 2159 posse
1080 2084 1248 2142 censeret?

374 2186 487 2245 Talem
519 2186 700 2264 principem
732 2188 920 2248 Antistheni
952 2187 1154 2248 carissimum
1187 2186 1287 2247 luisse
1320 2205 1416 2245 nemo

334 2291 507 2365 dubitabit,
530 2292 669 2352 libenter
691 2292 852 2368 cynicum
875 2313 951 2354 eum
973 2293 1076 2354 veluti
1097 2294 1286 2369 exemplum
1308 2297 1417 2368 protu-

334 2394 408 2456 lisse
440 2395 516 2456 satis
547 2397 743 2457 confirmant
775 2406 928 2478 quattuor
949 2400 1081 2476 scripta,
1107 2398 1225 2476 quibus
1247 2397 1416 2472 ingenium

334 2502 417 2574 eius,
441 2520 546 2562 mores
568 2503 717 2581 factaque
740 2504 941 2581 descripsisse
963 2505 1102 2565 videtur.

375 2607 508 2667 Indoles
532 2607 631 2682 igitur
651 2616 718 2668 tam
750 2606 858 2667 Aiacis
885 2626 983 2684 quam
1004 2606 1120 2680 Ulixis,
1142 2606 1313 2683 principia,
1335 2625 1417 2686 quae

334 2720 470 2790 uterque
498 2713 653 2791 sequitur,
686 2732 814 2782 causae,
837 2732 917 2791 quas
940 2719 1076 2791 uterque
1098 2714 1194 2773 offert
1215 2715 1255 2773 ad
1277 2712 1417 2774 Achillis

333 2836 422 2878 arma
454 2818 629 2878 obtinenda
661 2839 769 2879 coram
800 2819 922 2891 iudice,
955 2818 1057 2879 cuivis
1079 2819 1202 2896 opinor,
1224 2820 1416 2896 persuadere

333 2928 468 2999 possunt
499 2923 581 2983 nihil
615 2925 755 2999 obstare,
788 2925 963 3002 quominus
984 2925 1143 2986 orationes
1164 2927 1204 2985 ab
1227 2944 1264 2984 eo
1286 2930 1416 2985 auctore

332 3030 529 3106 conscriptas
550 3049 618 3091 esse
640 3039 809 3108 putemus,
832 3030 885 3090 cui
909 3030 1069 3105 Diogenes
1090 3050 1143 3091 eas
1164 3030 1320 3091 attribuit.

374 3136 437 3196 Sed
469 3138 510 3196 de
540 3138 636 3197 factis
663 3140 874 3215 moribusque
897 3140 975 3197 satis
997 3139 1123 3196 dictum
1144 3138 1200 3209 sit,
1223 3153 1311 3195 nunc
1333 3153 1415 3212 quae

332 3245 554 3303 oratiunculae
577 3247 664 3320 ipsae
686 3245 727 3303 de
749 3250 858 3305 nostra
878 3236 1083 3320 quaestione,
1102 3244 1212 3302 sintne
1223 3241 1414 3302 Antistheni

332 3351 494 3410 orationes
505 3350 737 3423 vindicandae,
750 3350 888 3409 doceant
899 3350 1083 3417 videamus3
1096 3348 1256 3423 proferam
1271 3349 1415 3423 primurn

333 3457 368 3515 in
389 3475 460 3515 eam
482 3474 551 3515 rem
573 3457 750 3514 sententias
771 3472 807 3513 ac
820 3454 958 3526 iudicia,
980 3469 1063 3530 quae
1080 3452 1177 3512 facile
1199 3453 1240 3512 ad
1252 3451 1415 3528 Cynicum

332 3562 459 3621 fontem
480 3562 595 3621 referri
621 3565 765 3636 possunt.

373 3664 423 3724 Ex
455 3668 497 3726 iis
530 3672 587 3745 qni
621 3667 661 3725 de
698 3666 992 3725 declamationibus
1028 3665 1103 3724 data
1137 3682 1233 3740 opera
1264 3669 1416 3739 egerunt,

333 3772 429 3831 multi
461 3775 532 3831 iure
564 3790 616 3833 eas
647 3773 838 3833 Antistheni
870 3770 995 3846 Cynico
1017 3772 1186 3845 adsignare
1208 3771 1416 3842 videbantur,

331 3877 419 3953 quod
445 3877 549 3938 multa
570 3885 601 3938 et
623 3878 796 3938 manifesta
817 3879 955 3952 vestigia
976 3878 1143 3936 doctrinae
1165 3875 1414 3936 Antisthenicae

331 3986 437 4043 inesse
460 3985 625 4060 putabant.
649 3984 792 4044 Blassius
814 4001 943 4061 quoque
967 3985 1018 4042 vir
1043 3984 1244 4043 clarissimus
1263 3988 1296 4040 et
1317 3980 1417 4039 iubis

331 4089 449 4148 litteris
472 4089 708 4149 versatissimus
728 4095 793 4148 tam
806 4088 944 4148 firmiter
954 4087 1015 4147 sibi
1027 4086 1186 4165 persuasit
1197 4105 1272 4146 curn
1285 4084 1417 4161 Cynicis

331 4194 473 4254 maxime
494 4195 668 4256 convenire
691 4201 724 4254 et
742 4195 872 4271 placita,
896 4193 1034 4272 quaein
1056 4192 1095 4253 iis
1118 4191 1330 4252 oratiunculis
1352 4190 1417 4250 edi-

364 4436 384 4500 ⁴)
416 4435 450 4485 ci.
466 4434 525 4484 Joel
541 4435 568 4486 11.
586 4448 611 4498 p.
629 4437 684 4495 404,
701 4436 757 4495 405,
775 4436 831 4495 407,
849 4437 905 4484 552.
