3524 5362
841 745 900 805 IX.

367 927 434 989 Cic.
456 879 551 987 Tusc.
573 927 663 1004 Disp.
687 926 725 986 V.
752 923 824 986 106:

409 1078 507 1137 quam
550 1060 594 1119 sit
624 1078 662 1119 ea
693 1059 934 1119 contemnenda
970 1057 1178 1151 sapienti,
1211 1057 1309 1134 paulo
1340 1060 1415 1116 ante

408 1190 531 1251 dictum
553 1194 611 1250 est.

368 1321 539 1381 Assentior
560 1318 682 1380 Heinio
703 1321 897 1396 corrigenti:
919 1321 1069 1397 sapienti.

851 1533 893 1594 X.

371 1714 405 1774 Si
435 1718 509 1793 quis
535 1716 617 1793 quid
644 1716 800 1774 adversus
828 1716 915 1791 leges
941 1720 1077 1775 sacratas
1102 1714 1247 1786 fecisset,
1269 1714 1416 1774 occidere

332 1864 408 1906 eum
431 1865 497 1906 non
513 1847 645 1919 licebat,
660 1849 834 1923 antequam
850 1845 1048 1905 consecratio
1059 1830 1175 1921 capitis
1185 1846 1417 1921 praecessisset.

841 2136 901 2198 XI.

375 2376 505 2436 Iniuria
526 2379 679 2453 opinatur
701 2375 849 2451 Droysen
873 2373 1003 2453 (Gesch.
1026 2375 1057 2436 d.
1079 2374 1209 2435 Hellen.
1233 2374 1259 2434 I.
1281 2391 1312 2450 p.
1332 2371 1416 2450 395.)

334 2509 480 2568 carmina
509 2509 649 2582 satyrica
673 2508 761 2582 apud
790 2507 1003 2567 Plutarchum
1025 2505 1092 2567 Vit.
1113 2506 1208 2567 Alex.
1230 2504 1278 2567 50.
1301 2503 1329 2566 4.
1351 2524 1417 2565 me·

331 2643 470 2711 morata,
492 2644 636 2714 spectare
657 2638 696 2698 ad
720 2637 913 2714 Zopyrionis
935 2640 1071 2698 exitum.

736 2844 740 2851 ’
840 2848 918 2910 XII.

371 3031 464 3091 Diod.
489 3030 555 3090 Sic.
576 3029 686 3090 XVII.
709 3029 757 3090 65.

412 3197 452 3206 -
473 3165 504 3227 ἐκ
536 3129 567 3227 δὲ
602 3159 730 3249 Θρᾴκης
751 3164 854 3236 ἶππεις
879 3166 936 3244 μὲν
963 3158 1132 3234 ἑξακόσιοι,
1165 3159 1360 3247 Τραλλεῖς
1387 3155 1418 3224 δὲ

474 3291 646 3380 τρισχίλιοι
668 3296 717 3358 καὶ
739 3294 954 3367 πεντακόσιοι,

372 3422 456 3496 Lege
479 3440 536 3498 pr0
560 3420 735 3507 Τραλλεῐςτ
757 3422 928 3487 πελτασταὶ
937 3464 1025 3479 ·····

824 3632 922 3692 XIII.

374 3816 466 3874 Islem
489 3834 527 3874 ec
550 3815 720 3874 Platonem
744 3813 976 3873 Antisthenem
999 3818 1097 3874 etiam
1113 3819 1262 3877 statuisse
1277 3817 1318 3876 de
1333 3835 1418 3876 com-

333 3948 493 4006 munibus
516 3948 736 4005 matrimoniis
757 3950 843 4004 recte
865 3947 1019 4022 opinatur
1040 3945 1281 4007 Duemmlerus.

828 4155 919 4215 XIV.

375 4338 502 4397 Iniuria
524 4337 567 4397 H.
589 4337 739 4398 Dettmer
760 4338 890 4399 dubitat
910 4357 997 4399 aram
1020 4338 1175 4399 Herculis
1196 4341 1295 4399 etiam
1316 4340 1418 4400 fuisse

333 4471 368 4528 in
389 4468 573 4529 Academia.
