3524 5362
855 487 893 550 86

334 675 366 729 et
397 673 642 733 considerandis
674 691 836 733 summam
869 675 1002 732 navavit
1029 691 1174 749 operam,
1196 672 1305 732 Ulixis
1328 674 1417 746 inge·

335 781 390 836 nio
404 779 429 856 ¹)
451 797 487 837 ac
502 779 618 855 peritia
628 784 816 856 superatum
830 797 898 839 esse
914 781 1012 838 robur
1033 785 1065 838 et
1087 780 1184 838 rudes
1205 777 1313 837 Aiacis
1335 776 1418 835 vires

335 885 458 956 docuit,
489 884 653 945 Achillem
669 885 696 959 Ξ)
718 903 862 963 quoque,
885 886 925 943 de
948 884 1040 944 cuius
1061 884 1159 943 armis
1182 884 1337 958 litigatur,
1359 881 1417 940 sibi

334 1009 428 1051 curae
455 991 555 1051 fuisse
577 991 703 1067 saepius
725 990 875 1051 ostendit.
919 991 1018 1050 Porro
1040 989 1332 1065 argumentatione,
1354 1006 1419 1066 qua

335 1104 512 1174 utrumque
534 1099 665 1156 heroem
682 1099 722 1156 ad
738 1097 919 1173 praemium
934 1096 1149 1156 obtinendum
1165 1101 1313 1154 utentem
1328 1094 1417 1167 tacti,

334 1221 464 1278 prorsus
485 1203 555 1261 fere
582 1204 622 1262 ad
642 1202 799 1276 originem
818 1201 1024 1262 Homericam
1043 1201 1144 1270 redit;
1161 1219 1263 1278 pauca
1284 1199 1417 1278 quidem

334 1326 351 1366 e
366 1307 539 1367 traditione
553 1308 789 1383 posthomerica
804 1308 1036 1380 desumuntur,
1052 1308 1109 1367 sed
1125 1307 1318 1383 plerumque
1334 1305 1419 1364 facta

333 1414 373 1472 ab
406 1419 543 1490 utraque
575 1418 665 1488 parte
697 1411 837 1472 vicissim
867 1417 1055 1472 enumerata
1080 1431 1097 1471 e
1131 1413 1220 1471 fonte
1248 1411 1303 1470 illo
1330 1429 1418 1486 repe·

334 1521 432 1579 tenda
453 1525 539 1579 sunt.
563 1519 776 1596 Frequenter,
794 1517 819 1578 si
837 1516 1144 1594 potest,senteutiae
1167 1516 1210 1576 ita
1231 1515 1419 1592 exprimun-

334 1631 402 1697 tur,
432 1631 468 1683 ut
496 1625 536 1684 ad
559 1624 838 1701 philosophemata
859 1624 1054 1700 proferenda
1076 1624 1165 1682 locus
1187 1624 1291 1682 detur.
1327 1622 1419 1681 Nova

335 1733 443 1790 denuo
465 1730 587 1790 ratione
610 1728 824 1789 Antisthenes
847 1728 1096 1788 Homericorum
1118 1727 1299 1787 carminum
1323 1746 1418 1787 nsum

334 1836 488 1896 adhibere
504 1835 650 1894 videtur:
677 1835 839 1910 prodeunt
853 1834 886 1893 in
901 1852 1050 1893 scaenam
1065 1834 1130 1892 duo
1150 1832 1325 1909 principes,
1341 1851 1419 1910 qno-

335 1961 407 2001 rum
441 1943 612 2017 utriusque
644 1940 786 2010 indoles,
811 1939 976 2016 utriusqus
1000 1957 1105 1998 mores
1135 1939 1276 1997 attacta
1301 1937 1419 2015 cuique

336 2045 502 2105 notissima
516 2052 592 2105 sunt
614 2053 646 2104 et
658 2045 770 2104 morali
794 2044 988 2120 philosopho
1008 2045 1058 2103 vel
1076 2043 1245 2103 utilissima
1261 2046 1418 2119 exempla.

335 2152 397 2212 Ubi
427 2153 560 2211 tandem
593 2152 807 2228 philosophus
838 2151 893 2209 ille
926 2149 1084 2225 insignius
1105 2150 1223 2210 artium
1245 2149 1419 2210 discrimen

335 2263 390 2315 ant
412 2257 622 2317 efficaciorem
646 2276 773 2316 morum
796 2256 983 2316 varietatem
1005 2256 1149 2315 invenire
1172 2256 1298 2331 potnit?

377 2361 440 2419 Sed
472 2361 535 2421 iam
569 2361 644 2421 satis
675 2397 715 2404 —
746 2366 949 2438 transeamus
970 2361 1011 2420 ad
1033 2360 1192 2420 orationes
1213 2360 1297 2436 ipsas
1319 2360 1416 2419 consi·

335 2465 504 2526 derandas.

376 2889 488 2948 Prodit
509 2890 608 2962 Aiax,
631 2890 777 2967 queritur
799 2890 887 2966 quod
902 2888 1058 2949 iudicium
1074 2890 1114 2947 ds
1130 2889 1185 2948 lite
1201 2907 1259 2948 sua
1273 2891 1419 2950 delatum

336 2993 376 3053 sit
412 2993 449 3054 iis
471 2993 649 3067 iudicibus,
671 2995 727 3072 qui
750 2995 847 3054 rebus
868 2993 945 3071 ipsis
966 3013 1033 3053 nou
1055 2995 1260 3054 interfuerint
1281 3013 1329 3039 -’
1344 2997 1420 3056 boni

336 3105 444 3158 autem
490 3100 622 3159 Atridae
654 3102 780 3160 absunt.
831 3100 914 3159 Nam
948 3101 1034 3175 apud
1067 3097 1189 3158 iudices
1221 3104 1296 3174 τοὺς
1329 3096 1420 3167 οὐδὲν

335 3200 458 3279 εἰδότας
490 3203 729 3278 magnificentia
761 3207 935 3264 verborum
970 3207 1044 3281 plus
1077 3204 1162 3263 valet
1194 3223 1292 3281 quam
1319 3205 1420 3265 virtus

336 3314 486 3384 spectata.
530 3307 669 3381 Sustuli‚
703 3308 823 3386 inquit,
856 3328 972 3385 corpus
1005 3309 1158 3383 Achillis,
1191 3329 1279 3369 arma
1310 3319 1419 3370 autem

336 3413 410 3487 iste,
443 3432 517 3473 cum
551 3414 646 3473 sciret
677 3413 834 3488 Troianos
867 3433 932 3473 non
965 3420 1030 3473 tam
1063 3434 1152 3474 arma
1183 3433 1281 3493 quam
1304 3434 1421 3492 corpus

336 3518 567 3595 concupivisse,
584 3518 708 3594 Corpus
730 3517 828 3590 enim,
850 3519 1000 3579 Hectoris
1027 3526 1163 3579 mortem
1180 3521 1290 3594 ulturi,
1306 3520 1420 3580 violas·

336 3629 408 3683 sent
429 3623 574 3699 Trojani3
589 3643 678 3683 arma
694 3630 805 3684 contra
820 3625 990 3696 celassent,
1007 3625 1143 3685 Palladii
1158 3626 1239 3686 furti
1254 3627 1430 3713 recordati.¹

335 3824 567 3837 ψ

369 3946 392 4007 ¹)
415 3946 471 3994 lam
498 3946 575 3994 semel
604 3945 692 3993 Ulixes
718 3947 767 4004 τὴν
784 3945 889 3994 σύνεσιν
913 3944 1037 3993 advorsus
1062 3946 1110 4004 τὴν
1127 3945 1247 4009 ἀνδρείαν
1266 3949 1391 4010 (Achillis
1401 3951 1420 4010 l)

335 4034 505 4093 defenderat,
521 4039 553 4081 ut
570 4038 684 4083 testatur
701 4034 781 4084 schol.
800 4034 847 4085 Od.
865 4033 941 4095 Vlll,
960 4049 995 4083 vs.
1014 4036 1119 4085 ῗ5-82,
1148 4062 1176 4070 -
1194 4037 1228 4087 cf.
1248 4037 1353 4098 Prellcr‚
1376 4039 1419 4086 Gr.

337 4125 421 4186 Myth.
442 4124 477 4182 ll,
496 4138 520 4187 p.
539 4125 595 4172 309.

369 4212 393 4276 ¹)
415 4214 450 4262 cf.
467 4214 622 4264 Winckelm.
640 4214 735 4275 fragm.
753 4229 778 4277 p.
799 4216 841 4272 16,
860 4215 883 4263 4.
895 4242 926 4249 -
944 4230 967 4277 p.
989 4216 1025 4274 18,
1044 4216 1066 4261 6.
1084 4242 1116 4250 -
1133 4229 1158 4277 p.
1177 4215 1220 4274 24,
1243 4218 1254 4262 l
1275 4217 1368 4278 (schol.
1386 4216 1421 4265 ad

338 4303 384 4354 Od.
408 4303 434 4363 l,
463 4304 500 4365 l),
526 4303 570 4351 ubi
592 4303 708 4352 Achilles
725 4304 867 4367 opponitur
888 4304 975 4363 Ulixi,
999 4319 1076 4366 quem
1093 4310 1125 4352 ut
1142 4319 1244 4367 sempor
1260 4306 1302 4354 hic
1318 4321 1421 4368 quoque

337 4393 459 4442 defendit
485 4393 666 4442 Antisthenes.
692 4421 724 4428 —
750 4393 784 4443 cl.
810 4393 869 4441 Joel
894 4392 920 4444 ll.
946 4409 970 4457 p.
989 4395 1036 4443 388
1058 4398 1097 4444 nt.
1122 4395 1150 4452 l,
1176 4409 1199 4457 p.
1217 4397 1272 4445 404.
1292 4396 1420 4445 Duemml.

336 4486 399 4534 Ant.
417 4496 442 4545 p.
460 4484 499 4532 31.
