3524 5362
849 467 905 526 117

334 664 410 705 nem
444 647 664 706 urbanitatem
696 653 728 706 et
757 636 955 721 elegantiam
977 665 1043 706 non
1070 654 1236 722 tantopere
1259 647 1422 705 curavisse

334 770 432 829 quam
455 736 628 812 veritatem
650 759 682 812 et
703 772 841 813 acumen
864 753 1036 813 dictorum.
1049 754 1074 831 ¹)

376 858 416 916 In
439 857 504 916 fine
528 856 806 918 Radermacherus
828 860 956 935 quaerit
976 877 1017 917 ex
1032 860 1127 917 cuius
1142 859 1256 931 tragici
1271 856 1422 930 exemplo

332 972 444 1024 auctor
471 964 724 1023 declamationes
752 964 930 1023 refinxerit.
974 963 1144 1039 Originem
1169 964 1233 1023 sibi
1256 965 1422 1023 invenisse

335 1069 466 1127 videtur
477 1068 564 1144 apud
579 1067 801 1139 Aristotelem,
824 1070 881 1144 qui
898 1070 933 1126 in
950 1067 1123 1128 Rhetorica
1141 1068 1186 1128 II.
1199 1066 1237 1129 23
1248 1068 1275 1146 ²)
1288 1065 1368 1127 leth
1379 1068 1420 1126 A.

334 1175 481 1251 loquitur
506 1174 546 1232 de
570 1173 736 1247 tragoedia
766 1174 907 1250 quadam
928 1172 1139 1246 Theodectis,
1162 1191 1243 1250 quae
1266 1176 1421 1249 inscripta

335 1284 402 1337 crat
426 1277 514 1352 Αἶας.

376 1383 484 1453 erum
507 1385 597 1441 enirn
619 1389 770 1459 appareat
791 1401 832 1441 ex
847 1401 884 1441 eo
897 1382 1084 1442 Aristotelis
1096 1383 1166 1441 loco
1180 1386 1215 1441 in
1227 1383 1422 1443 Theodectis

334 1490 434 1547 Aiace
456 1505 609 1562 magnam
631 1488 760 1547 dedisse
783 1505 914 1564 operam
936 1487 1070 1548 Ulixem
1094 1494 1131 1546 nt
1146 1489 1421 1565 indicibusexpo-

335 1600 426 1653 neret
448 1595 506 1670 qui
529 1592 652 1652 facturn
676 1598 758 1652 esset
781 1599 816 1652 ut
839 1596 925 1670 ipse,
947 1612 1146 1671 quamquam
1169 1595 1269 1654 Aiace
1296 1595 1420 1667 fort—ior,

337 1719 402 1759 non
425 1700 500 1758 talis
521 1699 705 1770 videretur,
733 1701 797 1758 iam
821 1705 945 1757 certum
968 1700 1078 1758 adesse
1100 1702 1236 1773 originis
1258 1701 1421 1760 indicium

334 1810 443 1864 censet
467 1806 761 1866 Radermacherus:
784 1825 895 1865 nonne
917 1809 1007 1865 enim
1031 1809 1065 1864 in
1087 1806 1147 1866 Od.
1170 1805 1188 1865 9
1210 1805 1326 1866 Ulixes
1347 1826 1422 1867 con·

334 1911 441 1969 tendit
472 1912 608 1986 specie
641 1915 769 1969 tantum
802 1912 938 1970 Aiacem
971 1911 1090 1970 fortem
1117 1916 1148 1970 et
1170 1912 1365 1971 bellicosum
1388 1931 1421 1971 se

334 2015 527 2088 ostendisse,
560 2022 663 2075 semet
695 2020 805 2093 ipsum
837 2024 948 2075 contra
980 2034 1186 2095 nequaquam
1213 2025 1269 2083 τοῦ
1292 2016 1422 2084 δοκεῖ»

334 2118 534 2206 γλιχόμενον
567 2125 678 2181 omnia
710 2124 906 2198 suscepisse.
937 2123 1014 2198 qnia
1047 2140 1113 2180 non
1135 2123 1241 2181 videri
1265 2124 1360 2182 fort-is
1386 2124 1421 2182 in

337 2226 461 2299 proelio
482 2230 616 2300 gestiret
638 2227 693 2287 sed
716 2228 839 2299 facere,
861 2228 949 2304 qaod
971 2245 1052 2304 opus
1073 2230 1178 2287 esset?

375 2330 441 2390 Hic
473 2332 549 2390 nolo
581 2333 776 2407 respondere
805 2332 893 2408 quod
916 2331 999 2389 rnihi
1024 2333 1146 2405 legenti
1171 2332 1421 2392 Radermacheri

334 2438 432 2496 verba
444 2441 552 2497 statim
564 2439 766 2510 occurrebat,
777 2439 856 2496 talia
867 2437 1003 2513 quidem
1016 2456 1287 2516 unumquemque
1299 2438 1420 2498 Ulixen

335 2547 369 2602 in
392 2562 488 2603 scena
510 2544 605 2602 Aiaci
627 2544 812 2603 adversario
834 2544 977 2617 objicere
999 2544 1112 2603 solere.
1150 2543 1234 2603 Nam
1259 2544 1337 2604 Rad.
1363 2547 1421 2621 qui

335 2652 380 2708 ita
413 2652 532 2725 pergit:
565 2648 663 2721 „Man
696 2649 770 2707 darf
802 2650 875 2706 hier
897 2649 990 2707 nicht
1012 2650 1224 2721 einwendcn,
1247 2650 1298 2707 bei
1322 2649 1421 2723 jeden

334 2754 590 2828 Waffengericht
613 2755 697 2813 habe
719 2754 871 2814 Gleichcs
887 2756 965 2813 oder
976 2755 1154 2814 Aenliches
1165 2762 1275 2830 gesagt
1288 2757 1421 2815 werden

335 2858 504 2929 miissen‚'’
526 2877 564 2918 eo
585 2865 778 2932 argumento
801 2859 847 2917 nti
870 2864 966 2918 vetat.

375 2964 479 3023 Aliud
501 2971 563 3037 est,
586 2964 674 3041 quod
697 2967 807 3024 nescio
829 2965 994 3042 quomodo
1016 2967 1161 3040 neglexit
1186 2965 1421 3026 Radermache-

334 3086 397 3126 ras
442 3068 476 3127 Si
500 3088 611 3128 revera
634 3069 834 3129 Theodectes
856 3070 937 3142 init,
959 3073 1016 3147 qui
1033 3072 1222 3146 exemplum
1238 3072 1422 3147 praebuerit

334 3175 519 3232 orationum
541 3177 680 3243 auctori,
703 3177 759 3250 qui
784 3175 838 3247 fit,
863 3181 899 3234 ut
921 3175 973 3234 hic
996 3179 1143 3235 omiserit
1164 3196 1203 3235 ex
1226 3177 1421 3238 Theodectis

334 3279 446 3339 fabula
472 3283 506 3339 in
530 3281 640 3341 Aiacis
663 3284 842 3341 orationem
865 3284 1041 3342 transferre
1064 3286 1313 3344 acerbissimam
1336 3285 1420 3343 illud

334 3384 444 3443 Aiacis
466 3385 653 3445 convicium
676 3388 763 3464 quod
786 3405 827 3446 ex
849 3388 963 3447 eadem
986 3389 1181 3449 Theodectis
1202 3390 1313 3448 fabula
1328 3392 1422 3451 nohis

334 3493 475 3549 servavit
509 3493 609 3551 Arist.
644 3493 677 3552 ll.
711 3511 742 3568 p.
768 3491 863 3553 1399:
900 3500 956 3559 Καὶ
991 3497 1028 3559 τὸ
1060 3498 1092 3559 ἐκ
1123 3503 1179 3559 τοῦ
1208 3496 1344 3572 Αἴαντος
1365 3508 1421 3563 τοῦ

336 3591 518 3669 Θεοδέκτου,
552 3602 599 3662 ὅτι
632 3603 649 3663 ὁ
685 3596 848 3677 Διομήδης
870 3599 1034 3687 προεξλιτο
1057 3598 1225 3674 Ὀδυσσέα,
1248 3605 1286 3667 οὐ
1314 3610 1421 3685 τιμῶν,

335 3700 409 3765 ἀλλ’
431 3703 482 3767 ἰἰιιι
504 3704 606 3778 ἥττων
630 3703 648 3792 ᾖ
671 3710 688 3770 ὁ
712 3704 912 3770 ἀκολουθῶν·

368 4002 389 4065 ¹)
426 4005 578 4054 ltectissimc
607 4006 697 4055 Cicero
725 4008 911 4057 antisthenem
940 4009 1072 4058 hominem
1102 4014 1209 4059 acntnm
1238 4013 1321 4063 maris
1342 4027 1421 4075 quam

334 4095 464 4142 eruditam
482 4094 608 4157 appellat.

367 4180 392 4243 ²)
427 4184 507 4240 ἄλλος
540 4186 587 4243 (sc.
614 4185 724 4245 τόπος),
755 4190 809 4244 τοῖς
840 4186 1103 4251 προιῖιαβιβλημέιιαις
1133 4193 1174 4239 καὶ
1204 4190 1353 4255 ιὶνᾶραίττοιι1
1380 4194 1422 4242 καὶ

338 4272 482 4336 πράγμασι,
501 4272 515 4329 ἡ
535 4271 647 4332 δοκοῦσι,
668 4275 696 4322 τὸ
714 4273 799 4339 λέγειν
815 4278 865 4335 τὴν
882 4276 968 4326 αἰτίαν
984 4281 1030 4327 aad
1049 4278 1204 4341 παραδόξου.
1224 4308 1253 4315 -
1272 4285 1312 4330 κατ’
1331 4281 1424 4332 αἶανίν

334 4364 371 4425 τῷ
405 4363 495 4411 Αἴαντι
530 4365 575 4411 τοῦ
610 4362 758 4426 arcticum,
788 4365 923 4425 Ὀδυσσεὺς
954 4367 1019 4433 λέγει
1052 4372 1117 4429 πρὸς
1148 4372 1194 4419 τὸν
1225 4371 1321 4420 Alam
1351 4371 1423 4433 διότι,

335 4449 509 4513 ἀνδρειότερος
526 4452 563 4501 ὢν
581 4455 626 4501 τοῦ
644 4454 764 4513 Merrae,
784 4455 813 4504 ci·
831 4454 905 4504 δοκεῖ.

1283 4550 1298 4579 a
