3524 5362
964 489 1003 553 88

482 668 605 743 Objicit
635 670 712 727 dein
744 671 854 742 Aiaci,
887 673 944 748 qui
977 678 1108 750 propter
1128 679 1292 733 servatum
1314 693 1332 732 a
1353 691 1387 732 se
1408 691 1525 750 corpus

441 773 585 833 Achillis
619 779 786 852 tantopere
821 795 855 836 se
890 779 1001 850 iactat,
1036 780 1118 838 duos
1151 781 1309 837 nimirum
1342 781 1429 838 viros
1460 779 1525 839 talc

439 897 523 938 onus
550 881 733 956 deportasse
762 899 870 957 posse,
897 882 1054 958 Troianos
1079 889 1188 943 autem
1210 903 1299 943 arina
1320 902 1386 942 non
1408 901 1524 960 corpus

439 987 646 1061 potissimum
668 988 906 1062 concupivisse.
940 987 1099 1067 (11-12).

480 1090 647 1169 Denique,
684 1093 809 1171 inquit,
843 1095 970 1153 invidia
1002 1102 1033 1154 et
1066 1098 1231 1171 imperitia
1262 1096 1406 1165 laboras;
1439 1098 1524 1156 vires

439 1201 567 1255 tanturn
610 1197 708 1256 habes
747 1199 860 1270 rudes,
904 1200 981 1259 inde
1019 1206 1050 1259 te
1085 1201 1204 1259 fortem
1239 1203 1431 1273 existumas,
1467 1202 1524 1261 sed

438 1303 582 1359 nimium
609 1302 706 1361 distat
728 1306 763 1362 in
785 1304 872 1363 bello
894 1305 989 1364 fortis
1012 1306 1130 1364 militis
1151 1307 1265 1364 alacris
1286 1308 1462 1382 prudentia
1482 1308 1523 1366 ab

1577 1204 1673 1414 s

439 1425 476 1465 ea
496 1425 595 1484 quam
617 1411 652 1466 tu
676 1411 773 1467 iactas
795 1410 934 1479 ferocia;
955 1444 996 1454 -
1017 1413 1133 1469 merito
1155 1413 1263 1488 itaque
1286 1412 1374 1470 idem
1396 1415 1524 1488 sapiens
1537 1418 1576 1506 s

438 1518 532 1587 poeta
558 1515 615 1590 qui
638 1515 754 1572 merita
777 1532 847 1572 mea
873 1515 1023 1588 extollet,
1053 1519 1085 1573 te
1106 1515 1207 1574 asinis
1230 1514 1281 1573 vel
1304 1515 1411 1574 bubus
1432 1509 1537 1585 simil

338 1648 340 1660 ·
438 1617 504 1677 lem
526 1618 622 1678 dicet.
1368 1585 1502 1895 J

477 1787 672 1890 Aias'heros
694 1831 733 1888 ab
753 1830 885 1888 Achille
905 1831 1070 1889 secundus
1086 1833 1206 1889 virtute
1222 1848 1257 1889 ac
1274 1832 1365 1889 indol
1401 1832 1522 1889 nobilis

436 1952 510 2009 prae
543 1937 697 1994 omnibus
729 1940 778 1994 cst
809 1938 964 2022 ῖσχυρόςς
989 1936 1132 2011 prudens
1154 1943 1284 2013 quoque
1307 1941 1338 1995 et
1360 1936 1522 1994 facundus

434 2042 526 2111 satis,
558 2042 585 2099 si
618 2059 669 2100 res
694 2043 849 2117 postulat,
876 2044 1005 2101 concise
1034 2046 1144 2100 tamen
1177 2042 1324 2118 loquitur
1340 2044 1374 2118 ¹).
1428 2041 1521 2100 Hanc

436 2146 583 2204 indolem
603 2146 714 2207 Aiacis
733 2148 773 2206 ab
790 2147 934 2206 Homero
949 2147 1102 2206 traditam
1118 2152 1230 2206 auctor
1245 2147 1522 2206 declamationum

435 2255 578 2312 servavit
610 2255 645 2312 in
678 2254 889 2323 universum3
917 2255 1051 2326 ingenio
1073 2260 1182 2312 autem
1206 2253 1383 2327 indulgens
1403 2269 1521 2329 easque

435 2361 577 2417 rationes
612 2364 756 2430 secutus,
790 2377 869 2435 quas
901 2360 1077 2434 poscebant
1109 2359 1228 2435 placita
1260 2359 1409 2431 moralia,
1446 2375 1520 2433 prae

435 2465 550 2521 ceteris
582 2480 636 2522 eos
666 2464 778 2523 Aiacis
810 2481 915 2522 mores
948 2465 1089 2536 notavit,
1122 2482 1202 2540 quos
1234 2481 1412 2539 proponere
1439 2464 1520 2521 utile

435 2567 608 2626 videbatur
629 2568 834 2645 philosopho.
868 2569 950 2629 Inde
968 2571 1145 2641 fortitudo,
1160 2569 1312 2644 superbia
1326 2567 1519 2647 (nobilitas),

433 2672 556 2746 gloriae
578 2675 712 2749 cupido,
735 2679 927 2751 pertinacia,
951 2677 1064 2735 odium
1085 2675 1240 2735 adversus
1262 2692 1330 2746 eos,
1346 2677 1402 2751 qui
1419 2675 1520 2734 hono·

433 2796 502 2838 rem
518 2796 614 2837 suum
631 2780 808 2853 laeserunt,
825 2788 860 2840 ut
876 2783 956 2842 fecit
972 2781 1100 2853 Ulixes,
1115 2783 1286 2857 praecipue
1299 2782 1335 2839 in
1348 2780 1407 2838 hoc
1420 2780 1519 2839 Aiace

433 2890 682 2956 cognoscuntur.
736 2887 810 2962 Ipsa
842 2889 966 2946 virium
997 2888 1197 2946 conscientia
1228 2886 1345 2957 fretus,
1388 2887 1519 2962 quietus

432 2990 552 3061 animi,
586 2991 712 3064 integer
744 3009 780 3050 ac
810 2991 967 3050 honestus
989 2992 1126 3049 insidias
1147 2995 1180 3049 et
1201 2991 1293 3049 dolos
1315 2995 1518 3067 aspernatur,

433 3097 489 3171 qui
513 3098 647 3167 struxit,
671 3113 747 3153 eum
770 3095 970 3171 implacabili
994 3096 1070 3155 odio
1091 3097 1305 3172 persequitur.

472 3197 587 3259 Ulixes
612 3204 724 3258 contra
745 3200 786 3258 ad
809 3203 919 3259 omnia
940 3201 991 3259 vel
1015 3200 1237 3258 humilissima
1258 3206 1400 3275 paratus,
1424 3201 1518 3259 dum-

432 3305 529 3363 modo
562 3306 698 3364 consilia
729 3324 787 3364 sua
820 3311 1051 3382 consequatur,
1079 3307 1229 3363 omnium
1251 3307 1371 3363 artium
1394 3308 1518 3382 peritus

431 3410 610 3485 prudenter
631 3428 759 3486 semper
775 3411 917 3486 perficit,
934 3411 1021 3487 quod
1037 3414 1072 3469 iu
1087 3413 1197 3470 animo
1213 3411 1324 3479 habet,
1340 3413 1517 3486 sapientiae

431 3534 467 3574 ac
489 3517 652 3574 sollertiae
675 3518 811 3575 unicum
833 3516 888 3574 dat
910 3516 1099 3591 exemplum
1112 3515 1150 3593 ³).

471 3619 501 3678 N
504 3625 652 3679 eetamen
662 3637 776 3696 pravae
792 3626 859 3679 erat
874 3619 996 3679 indolis
1008 3620 1095 3695 apud
1106 3619 1303 3690 Homerum,
1320 3638 1379 3679 nec
1389 3638 1517 3696 semper

431 3725 606 3799 prudentia
613 3728 684 3784 eius
691 3725 997 3784 fallacibusartibus
1008 3725 1257 3784 sustentabatur.
1271 3724 1345 3797 Sed,
1355 3732 1516 3802 qnantum

430 3830 465 3887 in
494 3833 664 3906 utriusque
697 3848 832 3905 persona
864 3834 989 3905 postera
1018 3832 1187 3903 poetarum
1219 3835 1304 3887 aetas
1326 3833 1515 3902 mutaverit,

430 3953 496 3993 non
509 3952 589 4009 opus
601 3940 649 3994 est
661 3936 769 3994 dicere
779 3959 787 4004 3
798 3935 896 3994 facile
908 3937 997 3993 enim
1009 3936 1119 4010 quivis
1137 3934 1240 3992 multa
1252 3934 1352 3993 huius
1363 3938 1515 3993 mutatio-

362 4074 367 4080 ·
430 4044 483 4101 nis
505 4044 655 4119 exempla
676 4042 791 4102 afferre
813 4048 932 4119 potest,
959 4042 1013 4101 hic
1036 4046 1146 4100 autem
1161 4059 1265 4099 unum
1285 4043 1369 4100 illud
1386 4043 1514 4113 insigne

428 4148 607 4207 admodum
633 4153 919 4217 commemoretur,
942 4151 1110 4222 poetarum
1132 4163 1228 4221 opera
1250 4164 1317 4205 esse
1339 4145 1463 4205 factum
1478 4151 1515 4204 ut

459 4312 479 4376 ¹)
514 4313 547 4362 ci.
573 4314 728 4375 praecipue:
755 4313 785 4363 ll.
810 4313 875 4372 Vll,
901 4314 961 4372 288,
989 4313 1043 4363 196.
1070 4339 1103 4346 -
1128 4311 1168 4363 Id.
1193 4312 1513 4374 1,1ll;11‚40431x‚

426 4404 566 4460 624-6423
585 4402 644 4460 XV,
662 4402 798 4459 soa-513,
817 4404 862 4449 561
882 4416 920 4463 sq,

458 4491 478 4556 ¹)
512 4493 546 4542 cf.
566 4492 663 4541 Preller
680 4491 708 4542 ll.
728 4490 768 4549 Il,
786 4505 810 4554 p.
827 4493 884 4541 285.
