3524 5362
867 497 909 558 90

344 678 454 740 Ulixis
473 683 589 738 merita
610 685 848 738 enumerantur
868 686 899 737 et
919 680 1104 739 laudantur.
1135 679 1242 739 Simul
1263 690 1375 739 auctor
1395 681 1428 739 id

343 787 498 860 consequi
525 785 670 855 videtur,
693 791 727 843 ut
751 788 923 860 praecipue
944 786 1095 860 exempla
1115 792 1172 844 aut
1199 789 1346 861 turpium
1373 796 1426 844 aut

344 891 505 948 bonorum
527 890 804 967 honestorumque
827 898 993 966 proponat.
1015 890 1139 949 Verum
1159 892 1186 948 si
1203 893 1267 949 iam
1284 894 1428 965 primum

344 995 488 1068 legentes
519 996 831 1055 declamatiunculas
863 998 920 1052 vix
942 1002 1056 1071 potest,
1078 999 1160 1073 quin
1183 997 1279 1054 nobis
1300 1014 1429 1070 persua-

307 1158 312 1163 .
343 1101 478 1159 deamus
498 1120 516 1159 a
538 1100 761 1176 philosophia,
783 1119 865 1177 quae
887 1101 1020 1160 moralis
1042 1101 1176 1172 dicitur,
1198 1104 1336 1160 minime
1351 1102 1428 1160 alie

343 1223 424 1264 num
456 1206 559 1264 fuisse
585 1212 766 1278 auctorem,
787 1206 828 1264 ad
850 1204 1009 1279 Cynicam
1032 1213 1152 1265 sectam
1175 1210 1428 1284 praesertimque

343 1313 575 1371 ,tut-isthenem
607 1318 735 1371 tantum
769 1329 835 1369 non
867 1311 971 1385 digito
1003 1314 1091 1370 viam
1126 1317 1282 1369 monstrat
1317 1314 1428 1370 iterata

343 1417 449 1476 lectio.
490 1417 609 1478 Ubisis
637 1421 727 1476 enim
759 1423 893 1492 apparet-
924 1416 1049 1492 Cynica
1075 1418 1258 1477 disserendi
1283 1437 1320 1477 ac
1342 1420 1427 1493 cogi-

342 1523 433 1580 tandi
456 1525 547 1583 ratio.
590 1523 676 1597 Age,
699 1523 887 1580 videamus!

380 1632 477 1713 ὶσχὺς
491 1631 525 1706 ¹),
537 1646 601 1706 qua
611 1629 770 1702 gloriatur
781 1627 871 1698 Aias,
882 1626 1114 1687 Antisthenem
1124 1630 1225 1688 semel
1239 1632 1424 1707 iterumque

341 1733 491 1805 advertit,
513 1752 611 1811 quam
627 1737 786 1793 rationem
800 1733 1000 1791 habeatcum
1018 1730 1145 1821 ἀνδρείᾳ
1161 1737 1189 1794 is
1201 1737 1367 1810 exposuit,
1388 1742 1431 1822 τῇ

341 1842 491 1924 φρονήσει
522 1842 650 1914 saepius
678 1841 838 1914 opposuit.
879 1837 1031 1897 Gitentur
1050 1838 1211 1926 Ἡρακλῆς
1231 1845 1249 1905 ὁ
1270 1840 1386 1921 μείζων
1409 1839 1427 1916 ἢ

340 1950 408 2029 περὶ
430 1949 570 2031 ἰσχύος
592 1951 648 2003 aut
664 1943 824 2031 Ἡρακλῆς
837 1943 856 2020 ἢ
867 1950 935 2031 περὶ
948 1945 1164 2031 φροινὴσεωςῆ
1184 1949 1339 2032 ἰσχύος,
1355 1944 1425 2005 (1⁰8-

341 2051 480 2108 cribitur
501 2050 690 2109 Alcibiades
713 2050 848 2119 (Athen.
867 2049 947 2107 ΧΠ.
969 2068 999 2125 p.
1021 2048 1080 2109 534
1101 2049 1151 2127 C.)
1173 2052 1353 2138 ἰσχυρὸς,
1375 2049 1427 2114 ἆν-

341 2150 483 2239 δρώδης,
514 2154 677 2243 τολμηρός
701 2162 734 2214 at
759 2156 859 2214 simul
888 2155 991 2233 (quod
1016 2172 1082 2213 non
1105 2162 1152 2213 est
1174 2156 1425 2231 negligendum)

339 2255 537 2336 ἀπαίδευτος.
581 2259 645 2319 Sed
686 2279 763 2319 cave
804 2269 899 2338 putes
939 2261 1173 2320 Antisthenem
1215 2269 1425 2321 contemnere

338 2383 470 2425 omnem
491 2369 588 2454 ἰσχὺν
610 2367 853 2445 qualiscunque
875 2373 931 2427 est.
974 2366 1143 2444 Tanquam
1166 2367 1284 2426 ludens
1302 2370 1336 2425 iu
1354 2370 1424 2443 ipso

339 2470 462 2530 roboris
494 2474 628 2530 nomine
660 2473 824 2548 praedicat
855 2474 913 2548 τὴν
946 2469 996 2538 lut
1028 2477 1093 2537 τῶν
1126 2473 1230 2559 ἔργων
1262 2469 1423 2546 ἀπόδειξιν

338 2578 597 2664 ἶσχυροτὲραν
618 2579 726 2653 πάσης
748 2589 804 2653 τῆς
826 2574 875 2643 διὰ
897 2578 1010 2663 λόγων
1029 2577 1218 2664 ἆντιλογίας
1242 2578 1359 2653 (schol.
1381 2578 1420 2637 ad

338 2682 472 2741 Aristot.
494 2701 524 2759 p.
546 2683 585 2742 22
597 2684 647 2743 ed.
661 2683 829 2759 Brundis),
851 2686 1008 2742 virtutem
1031 2683 1116 2741 nihil
1140 2683 1288 2757 indigere
1311 2688 1358 2749 ὅτι
1379 2687 1421 2765 μὴ

340 2794 537 2873 Σωκρατικῆς
562 2793 712 2876 ἰσχύος.
761 2790 844 2849 Ecce
866 2790 977 2848 laudat
998 2794 1029 2847 et
1051 2789 1179 2848 extollit
1199 2792 1257 2865 nt„
1281 2797 1337 2854 τοῦ
1365 2798 1422 2856 νοῦ

337 2894 471 2979 ἶσχῦνε
493 2893 697 2954 consensum
712 2896 851 2955 fratrum
873 2897 994 2970 παντὸς
1015 2899 1142 2982 τείχους
1162 2899 1422 2984 ἰσχυρότερον

337 2997 432 3068 alvum
467 3001 514 3058 sio
548 3002 584 3058 in
616 3006 727 3061 nostra
756 3001 1052 3060 declamatiuncula
1084 3002 1234 3060 consulto
1269 3005 1356 3061 inter
1387 3022 1421 3063 se

337 3111 548 3178 opponuntur
569 3108 619 3164 vis
640 3109 744 3166 animi
766 3124 802 3166 ao
823 3107 921 3165 robur
940 3109 1084 3182 corporis
1103 3106 1161 3166 Od.
1178 3105 1233 3168 13:
1257 3104 1335 3174 &dn
1357 3113 1419 3199 γὰρ

335 3212 502 3296 ἰσχυρὸς
517 3211 557 3283 εἷ,
577 3211 634 3277 οἴει
655 3218 703 3276 καὶ
720 3207 865 3298 ἀνδρεῖος
882 3212 974 3284 εἶναι,
997 3218 1045 3277 καὶ
1067 3215 1124 3278 οὐκ
1145 3213 1242 3279 οἶσθα
1264 3219 1420 3303 ὅτισορῖρ

335 3319 403 3401 περὶ
426 3314 566 3399 πόλεμον
587 3319 636 3381 καὶ
659 3314 785 3401 ἀνδρείᾳ
807 3319 845 3383 οὐ
867 3317 985 3383 τᾶντόν
1006 3321 1090 3383 ἐστιν
1109 3323 1263 3406 ἰσχῦσαι
1271 3365 1279 3394 ,
1302 3321 1420 3404 ἀμαθία

337 3415 366 3484 δὲ
387 3423 484 3486 κακὸν
503 3425 652 3506 μέγιστον
673 3433 743 3498 τοῖς
765 3423 905 3511 ἔχουσιν·

302 3611 305 3621 .
375 3529 471 3613 ἰσχὺς
502 3527 595 3586 Aiaci
629 3528 705 3588 fon's
736 3539 791 3605 τῆς
820 3529 966 3619 ἀνδρείας
990 3532 1120 3592 videtur
1141 3568 1182 3577 -
1204 3534 1285 3611 quid
1309 3540 1419 3594 eontra

335 3631 451 3692 Ulixi?
527 3659 529 3667 ·

376 3738 432 3796 Illi
457 3739 575 3798 tribuit
595 3758 758 3800 summam
780 3744 1002 3818 sapientiae
1024 3741 1155 3801 laudem
1178 3747 1304 3816 auctor,
1328 3743 1418 3803 illius

336 3845 507 3918 ingenium
528 3846 573 3904 ita
593 3846 735 3919 extollit,
749 3853 785 3905 ut
800 3848 911 3906 Aiacis
930 3865 1067 3923 persona
1085 3847 1258 3923 splendore
1274 3849 1419 3922 praedita

334 3966 465 4024 prorsus
486 3951 686 4009 obscuretur.
729 3951 860 4011 Etenim
881 3953 960 4012 Aias
982 3955 1034 4010 vir
1054 3952 1195 4024 nobilis,
1218 3952 1328 4025 fortis,
1351 3972 1417 4013 non

334 4056 405 4112 iure
427 4055 524 4112 modo
545 4072 635 4112 arma
655 4055 718 4115 sibi
741 4058 896 4132 postulat,
918 4059 1040 4135 quippe
1062 4059 1119 4135 qui
1142 4058 1286 4135 reliquos
1305 4077 1418 4119 omnes

334 4165 406 4235 post
437 4159 580 4220 Achillis
613 4167 750 4221 mortem
771 4167 902 4238 superet
929 4165 1064 4236 virtute,
1096 4163 1153 4222 sed
1186 4163 1417 4238 indignissime

365 4400 384 4465 ¹)
418 4402 452 4462 cl,
468 4402 527 4451 Joel
544 4403 585 4462 ll.,
607 4418 632 4467 p.
649 4406 711 4464 361,
727 4406 787 4466 362,
804 4406 852 4453 363
871 4409 909 4455 nt.
929 4407 951 4454 l.
963 4432 994 4442 -
1006 4404 1163 4454 Winckelm.
1176 4405 1268 4467 fragm.
1286 4420 1310 4470 p.
1328 4409 1372 4466 35,
1391 4409 1416 4467 43

333 4505 357 4554 p.
375 4492 414 4551 lt,
432 4491 457 4550 63
475 4504 499 4554 p.
517 4493 557 4551 61,
575 4494 614 4543 25.
