3524 5362
935 438 973 497 10

447 618 542 676 Vixit
573 617 787 677 Antisthenes
819 619 859 677 ab
885 637 971 677 rinno
994 617 1066 678 444⁰
1090 637 1192 696 nsque
1213 619 1255 677 ad
1275 636 1400 677 annum
1424 618 1495 676 fere

405 721 514 784 365⁰ffl·
531 725 557 801 ¹)

446 828 474 905 ³)
496 828 590 887 Vidit
622 831 730 906 itaque
763 830 933 890 florentem
967 831 1188 907 sophistarum
1221 837 1340 902 artem,
1366 829 1495 889 audivit

406 933 613 1005 facundiam,
635 951 733 1010 quam
756 952 862 1012 neque
886 935 978 995 Plato
1001 938 1117 1011 opinor
1139 940 1205 995 tam
1225 937 1341 995 acriter
1367 937 1494 1011 impug-

408 1042 528 1110 nasset,
550 1040 576 1096 si
601 1056 733 1113 parvam
756 1058 792 1098 ac
814 1040 941 1099 nullius
961 1043 1119 1100 momenti
1140 1046 1292 1117 putasset.
1336 1039 1493 1099 Animad·

408 1144 505 1201 vertit
527 1144 629 1218 igitur
653 1144 868 1204 Antisthenes
889 1147 1164 1219 adulescentulus,
1180 1165 1355 1225 quamnam
1371 1145 1492 1204 famam

406 1249 557 1308 homines
579 1249 645 1321 illi,
668 1268 797 1309 summo
813 1253 947 1326 ingenio
962 1256 995 1311 et
1009 1255 1147 1312 scientia
1161 1253 1367 1324 excellentes,
1383 1251 1490 1325 adepti

406 1360 527 1426 essent,
550 1360 581 1414 et
603 1373 701 1431 qnam
725 1355 848 1414 famam
871 1358 906 1414 in
928 1357 1120 1417 erudiendis
1135 1357 1396 1417 adolescentibus
1411 1356 1493 1415 obti-

406 1464 529 1519 nerent.
574 1459 770 1537 Eloquentia
801 1462 891 1520 enim
917 1463 1040 1520 eximia
1062 1463 1216 1536 praediti,
1239 1481 1305 1521 non
1327 1462 1435 1522 solum
1457 1463 1491 1519 in

405 1566 524 1625 studiis
556 1567 777 1639 grammaticis
807 1565 985 1624 admodum
1008 1569 1125 1625 versati
1149 1573 1254 1640 erant,
1277 1567 1334 1626 sed
1357 1569 1492 1626 omnino

405 1670 774 1730 studiisliberalioribus
785 1670 948 1729 vacabant.
964 1669 1116 1730 Ceterum
1127 1655 1492 1746 Antisthenemsophis-

405 1784 511 1835 tarum
535 1777 743 1834 institutione
766 1794 861 1834 usum
884 1793 953 1835 esse
976 1793 1036 1835 nec
1058 1779 1232 1853 quisquam
1255 1781 1351 1850 negat
1372 1783 1404 1835 et
1418 1794 1491 1836 con·

406 1881 537 1940 firmant
548 1870 759 1957 antiquorum
771 1884 969 1955 testimonia,
983 1884 1069 1941 inter
1080 1901 1162 1960 quae
1174 1885 1318 1958 primurn
1330 1884 1493 1942 laudanda

405 1993 481 2046 sunt
510 1986 604 2061 Diog.
636 1985 739 2047 Laert.
763 1988 824 2061 VI,
848 1987 875 2048 1.
918 1988 1001 2048 Xen.
1026 1988 1137 2064 Symp.
1162 1988 1222 2059 IV,
1245 1987 1293 2049 62.
1335 1988 1492 2047 Nostrum

406 2110 481 2166 ergo
512 2099 560 2152 est
591 2112 762 2171 quaerere,
792 2094 991 2172 quibusnam
1013 2097 1048 2154 in
1073 2096 1169 2155 rebus
1190 2094 1406 2154 Antisthenes
1427 2094 1492 2152 dis-

405 2197 535 2272 cipulus
570 2201 740 2273 magistros
777 2217 851 2258 suos
887 2203 908 2259 i.
940 2218 967 2259 e.
1000 2201 1160 2276 sophistas
1203 2205 1333 2258 secutus
1375 2200 1418 2257 sit
1459 2203 1492 2256 et

405 2320 565 2380 quaenam
596 2306 733 2379 vestigia
762 2305 958 2365 eruditionis
987 2305 1079 2364 illius
1101 2307 1244 2365 inveniri
1268 2307 1402 2380 possint.
1443 2304 1491 2362 Do

404 2412 561 2488 sophistis
584 2413 694 2487 itaque
716 2413 829 2486 paucis
851 2410 933 2469 mihi
958 2411 1194 2486 disputandum
1217 2417 1273 2469 est.

446 2518 625 2577 Nectanien
648 2521 719 2592 post
741 2517 920 2575 multorum
944 2517 1054 2575 tinctos
1077 2516 1201 2575 labores
1220 2519 1254 2575 in
1273 2517 1488 2592 sophistarum

405 2622 687 2699 philosophemata
709 2624 884 2698 inquiram.
928 2621 1013 2692 Quid
1036 2623 1126 2679 enirn
1148 2623 1324 2680 attineret?

446 2728 495 2787 De
517 2730 646 2803 scriptis
667 2728 877 2787 Antisthenis
898 2729 965 2801 agit
987 2727 1171 2786 dissertatio
1187 2745 1271 2795 mea;
1287 2730 1490 2803 quapropter,

406 2840 441 2894 ut
456 2834 702 2905 constituamus,
726 2834 805 2909 quid
829 2833 985 2907 sophistis
1008 2837 1042 2891 in
1065 2840 1131 2892 arte
1154 2832 1318 2891 scribendi
1341 2831 1492 2890 debuerit

404 2939 559 3016 Cynicus,
582 2941 772 3014 praesertim
795 2940 835 2997 de
859 2940 978 2998 litteris
991 2939 1210 3015 sophistarum
1226 2938 1404 2997 dicendum
1421 2939 1491 3004 erit,

404 3063 603 3124 quamquam
626 3061 731 3120 noque
753 3043 896 3116 diversa,
919 3062 1001 3121 quae
1018 3044 1158 3117 singulis
1172 3043 1326 3119 sophistis
1341 3043 1491 3100 tribuun-

404 3157 458 3211 tur
479 3151 612 3227 placita,
635 3167 741 3225 neque
763 3150 921 3222 argutias,
943 3148 1065 3224 quibus
1086 3147 1225 3207 aliorum
1250 3148 1413 3207 doctrinas
1437 3166 1492 3225 op-

404 3256 593 3332 pugnabant
614 3272 742 3330 semper
763 3254 896 3313 silentio
918 3272 1064 3329 premere
1086 3253 1208 3312 licebit.

446 3363 486 3421 In
505 3361 682 3422 tractandis
697 3361 916 3437 sophistarum
934 3361 1053 3419 litteris
1063 3358 1277 3436 artificiisque
1290 3362 1325 3418 in
1338 3366 1491 3437 promptu

404 3473 452 3527 est
474 3486 510 3527 ea
532 3469 742 3542 potissimum
763 3466 847 3525 mihi
871 3469 907 3524 in
928 3465 1078 3524 medium
1093 3465 1289 3541 proferenda
1303 3483 1386 3539 esse,
1410 3485 1491 3543 quae

403 3571 595 3632 Antistheni
617 3572 767 3648 exemplo
788 3570 890 3630 fuisse
913 3571 1077 3629 videntur.
1104 3569 1273 3640 eraeram·
1287 3572 1388 3643 igitur
1410 3591 1491 3630 num

404 3696 486 3755 quae
517 3680 595 3737 artis
627 3677 824 3752 sophisticae
848 3678 882 3735 in
904 3675 1098 3750 fragmentis
1121 3675 1333 3735 Antisthenis
1356 3679 1492 3751 vestigia

403 3781 580 3858 supersint,
612 3782 653 3840 ad
685 3787 788 3840 certos
820 3786 967 3839 auctores
990 3782 1115 3855 possint
1138 3779 1262 3839 referri.
1306 3781 1491 3857 Sophistas‚

404 3891 461 3966 qui
493 3887 632 3947 Socratis
664 3891 766 3945 aetate
799 3892 831 3944 et
862 3887 958 3960 paulo
991 3891 1065 3945 ante
1091 3885 1264 3958 florebant,
1287 3905 1400 3946 omnes
1422 3888 1491 3947 fere

404 3996 497 4052 novit
518 3992 742 4051 Antisthenes.
1138 3968 1142 3975 ¹

437 4246 460 4310 ¹)
495 4248 549 4303 Quo
567 4250 683 4309 tompore
705 4246 813 4306 vixerit,
832 4246 965 4310 Chappnis
983 4261 1007 4310 p.
1027 4249 1071 4295 l'll
1091 4263 1128 4309 sq.
1146 4248 1248 4312 copiose
1266 4248 1392 4312 disputat.

435 4335 459 4397 ἴ)
493 4334 628 4398 Chappuis
652 4349 677 4397 p.
705 4337 763 4394 173,
788 4350 840 4398 quo
865 4339 982 4399 tempore
1007 4336 1123 4400 singulos
1147 4338 1279 4401 sophistas
1296 4340 1447 4400 cognoverit
1465 4345 1490 4387 ct

403 4426 546 4487 audiverit,
564 4426 675 4488 quaerit.
