3524 5362
862 439 902 503 28

337 622 567 681 convenientia
600 624 789 698 putesertim
812 623 981 694 laudante,
1003 628 1068 682 tam
1093 623 1188 697 longe
1210 631 1332 682 remota
1352 640 1421 681 esse

338 726 517 798 videretur,
541 745 607 787 non
628 728 687 786 diu
711 731 746 787 in
769 730 912 788 tenebris
934 730 1146 788 versabimur.

376 830 512 906 Gorgias
537 833 647 892 rhetor
667 834 842 893 hominum
863 836 991 894 animos
1011 853 1140 894 summa
1161 835 1266 910 ipsius
1282 834 1421 893 admira·

336 940 425 997 tione
446 937 571 1011 affecit,
593 941 664 1015 ipsa
685 942 819 999 rationis
841 958 916 1000 suae
932 942 1075 999 novitate
1089 940 1234 1007 adiutum
1249 939 1418 999 accedebat

336 1044 540 1122 eloquentiae
562 1046 717 1121 splendor
737 1052 768 1105 et
783 1045 932 1106 affectata
946 1045 1105 1123 quaedam
1120 1047 1307 1117 ostentatio,
1321 1063 1419 1122 quarn

336 1156 367 1208 et
390 1151 426 1209 in
448 1151 595 1211 moribus
616 1158 645 1211 et
670 1154 705 1210 in
727 1154 906 1228 praeceptis
927 1169 1002 1227 prae
1024 1169 1058 1211 se
1081 1151 1215 1210 ferebat.
1239 1151 1264 1228 ¹)
1287 1149 1421 1225 Gorgias

337 1256 372 1313 in
388 1262 551 1316 conventu
564 1275 694 1334 poscere
705 1277 811 1330 ausus,
823 1259 939 1337 quade
951 1276 984 1317 re
996 1259 1134 1335 quisque
1146 1257 1244 1316 vellet
1257 1257 1381 1329 audire,
1390 1255 1420 1333 ¹)

336 1362 461 1422 artibus
482 1365 644 1424 eiusmodi
668 1383 760 1437 usus,
782 1365 903 1442 quihus
924 1365 1087 1423 auditores
1108 1368 1247 1434 teneret,
1266 1363 1420 1440 eloquen-

337 1469 400 1526 tiae
422 1470 490 1526 vim
512 1487 548 1527 ac
570 1468 720 1528 suadelae
742 1471 936 1530 suavitatem
957 1486 1120 1528 summam
1135 1467 1163 1545 3)
1183 1468 1334 1544 adeptae,
1353 1485 1419 1526 non

336 1572 442 1631 solum
464 1574 586 1646 gloriae
607 1576 781 1650 cupiditati
803 1582 836 1634 et
856 1582 1009 1652 quaestus
1030 1574 1179 1633 aviditati
1197 1573 1420 1645 imlulsit‚sed

336 1679 434 1736 etiam
464 1679 682 1754 sophistarum
711 1698 800 1740 more
827 1683 1010 1739 novitatum
1038 1679 1157 1738 studiis
1183 1680 1217 1739 id
1239 1678 1365 1738 efficere
1386 1696 1420 1735 se

336 1786 477 1858 putavit,
500 1791 534 1844 ut
557 1787 707 1863 aequales
733 1789 891 1846 rationem
904 1786 1036 1845 dicendi
1049 1804 1166 1844 novam
1179 1787 1420 1862 captiosamque

336 1895 548 1966 sequerentur
567 1896 600 1950 et
618 1893 934 1965 argumentationem
957 1893 1173 1950 imitarentur.

377 1992 418 2052 Et
438 2012 550 2054 revera
571 1996 632 2054 hoc
653 1999 682 2054 ei
698 1999 872 2071 contigisse
887 1998 1048 2056 novimus,
1094 1996 1227 2055 Invenit
1240 1997 1422 2055 imitatores

336 2105 368 2158 et
399 2102 561 2175 sapientes
593 2102 728 2178 quidem
760 2108 792 2161 et
813 2102 958 2162 illustres
980 2104 1075 2161 viros.
1120 2100 1201 2161 Rern
1223 2118 1290 2160 non
1311 2103 1420 2175 incog-

336 2205 439 2263 nitam
462 2208 574 2281 paucis
595 2207 755 2283 exemplis
778 2207 939 2268 illustrare
961 2208 1110 2268 sufficiet.

377 2309 620 2387 Thucydidem)
632 2314 720 2371 enim
733 2315 854 2389 pariter
864 2331 900 2372 ac
912 2311 1047 2388 Gorgias
1056 2332 1074 2373 a
1083 2315 1249 2372 communi
1261 2330 1420 2379 sermone.

336 2416 503 2491 evulgari
525 2419 699 2477 verborum
721 2421 956 2497 compositione
977 2419 1147 2489 abhorret3
1169 2419 1229 2479 hac
1245 2421 1280 2477 in
1295 2437 1329 2477 re
1344 2436 1420 2476 eum

335 2523 463 2596 saepius
477 2521 656 2598 sophistam
672 2542 740 2582 esse
755 2531 904 2584 secutum
920 2525 1074 2584 denotant
1091 2527 1270 2603 sequentia.
1291 2522 1420 2598 Thucy·

335 2626 430 2686 dides
452 2627 634 2688 identidem
652 2630 813 2703 adJ'ectiva
828 2632 978 2690 neutrius
991 2634 1121 2705 generis
1135 2649 1193 2707 pro
1207 2631 1421 2690 substantivis

336 2732 471 2793 adhibet
492 2752 551 2795 v.c.
573 2737 609 2801 τὸ
631 2739 755 2807 πιστόν,
771 2742 807 2803 τὸ
819 2741 954 2814 ἐπιεικές,
968 2738 1003 2801 τὸ
1016 2734 1230 2819 βουλόμενον,
1246 2738 1283 2800 τὸ
1294 2734 1421 2822 ὀργιζό-

335 2866 441 2919 μενον,
463 2842 499 2905 τὸ
520 2843 720 2926 θυμούμενον
742 2844 799 2917 (cf.
820 2843 994 2918 Gorgiana:
1016 2845 1052 2908 τὸ
1073 2845 1208 2917 ἐπιεικές,
1223 2845 1259 2906 τὸ
1276 2838 1420 2913 δίκαιον),

336 2946 539 3005 substantiva
569 2967 588 3007 a
619 2949 728 3009 verbis
760 2949 905 3008 derivata
937 2966 994 3024 pro
1028 2949 1135 3007 verbis
1163 2966 1222 3006 v.c.
1252 2945 1422 3027 τολμητίις,

336 3046 544 3128 κινδυνευτίις,
573 3057 716 3130 εἰκαστής
744 3054 800 3130 (cf.
823 3053 983 3129 Gorgiaua
1006 3055 1210 3142 θεράποντες,
1234 3051 1421 3128 uolumini:

336 3157 413 3216 dein
437 3175 536 3217 novas
558 3158 653 3234 lingit
675 3179 768 3219 voces
781 3162 956 3236 (ποιητικὸν
968 3167 1031 3225 τῶν
1043 3160 1208 3240 ὀνομάτων
1220 3176 1282 3218 sec.
1295 3158 1422 3233 Dionys

336 3262 376 3321 de
388 3262 490 3322 Thuc.
503 3264 571 3323 iud.
583 3282 608 3323 c.
623 3264 656 3323 ll
669 3264 733 3345 24.)
747 3274 783 3325 ut
794 3266 928 3341 Gorgias
940 3283 1069 3342 quoque
1081 3265 1174 3334 fecit·;
1186 3264 1329 3342 denique
1338 3270 1422 3322 uter-

336 3385 399 3445 que
414 3386 577 3428 summani
593 3372 701 3445 posuit
716 3389 826 3430 curam
843 3374 877 3430 in
894 3371 1066 3430 verborum
1080 3370 1292 3430 collocatione
1304 3375 1337 3429 et
1347 3388 1422 3428 con-

336 3470 1421 3561 3113311333133110111.2Βίοη.νοο31τὸπολυειδὲςτῶνσχημάτωυ).

377 3580 470 3651 Quod
485 3582 603 3640 attinet
617 3580 656 3639 ad
675 3581 863 3653 Isocratem,
880 3581 1015 3656 longum
1032 3586 1078 3640 est
1094 3580 1134 3639 de
1150 3579 1290 3654 siugulis
1302 3579 1421 3650 dicere,

336 3687 457 3762 quibus
478 3687 634 3745 convenit
656 3703 731 3744 curn
753 3685 881 3758 Gorgia.
915 3686 1002 3758 Quid
1017 3688 1107 3745 enirn
1124 3686 1239 3762 loquar
1250 3684 1291 3743 de
1303 3685 1423 3743 utrius-

336 3809 399 3869 que
430 3793 507 3851 stilo
539 3791 729 3865 artifici0s0‚
754 3793 794 3851 de
817 3791 931 3867 figuris
953 3796 985 3850 et
1006 3790 1122 3867 tropis,
1145 3791 1184 3850 de
1207 3789 1360 3866 periodis,
1383 3790 1423 3849 de

336 3902 440 3955 metro
462 3896 494 3956 in
518 3916 612 3974 prosa
633 3916 781 3958 sermone
803 3895 976 3958 adhibito?

377 4001 542 4072 Quantum
575 4001 787 4063 Antisthenes
819 4020 894 4062 cum
927 4001 1059 4077 Gorgias
1091 4000 1278 4073 conveniat,
1314 3998 1424 4075 paucis

336 4105 484 4167 indicavi.
507 4106 619 4186 Neque
641 4127 717 4168 vero
739 4107 919 4168 omittenda
941 4113 1018 4168 sunt
1040 4106 1273 4184 discrepantiae
1295 4103 1423 4164 indicia.

337 4269 579 4278 --—--—

369 4349 392 4415 ¹)
409 4353 444 4401 cl.
459 4352 553 4401 Weber
570 4354 610 4411 ll.,
629 4368 653 4416 p.
673 4355 719 4402 198
736 4368 773 4416 sq.
840 4351 863 4416 ²)
882 4356 915 4403 ef.
935 4355 988 4405 (lic.
1006 4355 1039 4404 de
1058 4355 1129 4406 Orat.
1148 4353 1199 4415 Ill,
1212 4356 1252 4415 32,
1272 4356 1326 4403 129.

368 4440 392 4505 ι)
410 4445 443 4494 el.
462 4443 544 4495 Blass.
563 4444 582 4504 l,
600 4459 625 4507 p.
642 4446 683 4493 65.
717 4444 824 4493 Classen
843 4446 925 4509 prael.
942 4446 975 4493 ad
993 4445 1074 4494 'l'hue
1090 4460 1115 4509 p.
1134 4444 1249 4493 LXXVI
1266 4460 1294 4508 eq
1315 4482 1320 4494 .
