3524 5362
920 447 980 512 108

407 645 477 686 rem
498 644 591 686 suam
613 629 678 701 egit
702 627 992 704 Radermacherus,
1018 635 1085 691 tam
1100 632 1256 706 sagaciter
1269 631 1320 690 vel
1337 647 1493 689 versuum

408 735 514 808 partes
540 733 592 790 vel
615 734 758 808 integros
780 753 892 795 versus
914 737 1096 812 indagavit,
1118 743 1185 797 tam
1206 741 1278 812 apte
1300 753 1431 813 quoquc
1452 734 1493 795 ad

409 855 521 897 versus
548 838 688 898 formam
716 840 770 900 hic
792 841 863 900 illic
884 843 983 902 verba
1005 848 1108 901 metro
1129 842 1235 901 soluta
1256 842 1435 912 revocavit,
1456 845 1494 900 ut

408 960 523 1018 parum
538 946 645 1019 primo
660 945 785 1005 abesset
798 979 839 990 -
852 949 995 1022 ingenue
1010 949 1101 1007 euim
1115 946 1291 1023 profitebor
1304 979 1345 990 -
1357 947 1439 1023 quin
1451 945 1491 1004 ab

410 1051 560 1108 instituto
575 1069 648 1109 meo
664 1051 814 1127 delapsus
829 1053 1042 1113 concederem
1062 1055 1133 1112 viro
1148 1053 1350 1125 doctissimo,
1365 1051 1493 1112 abiudi-

409 1153 528 1212 candas
560 1172 628 1214 esse
659 1155 850 1215 Antistheni
874 1158 1126 1218 declamationes
1147 1164 1282 1218 nostras.
1325 1157 1389 1217 Sed
1418 1175 1494 1216 cum

408 1259 508 1317 etiam
529 1263 625 1336 atque
648 1263 746 1321 etiam
768 1280 805 1322 ea
826 1281 890 1339 qua
912 1263 1030 1338 dignae
1052 1270 1129 1323 sunt
1150 1282 1227 1323 cura
1243 1263 1493 1323 Radermacheri

409 1364 657 1441 disquisitiones
680 1369 939 1443 porpendissem,
961 1370 1044 1429 redii
1060 1369 1099 1428 ad
1117 1389 1178 1429 me.
1223 1369 1356 1428 Etenim
1371 1372 1494 1428 incerta

409 1470 579 1542 nonnulla,
595 1472 754 1547 quaedam
769 1474 879 1547 dubia,
889 1477 971 1551 quin
987 1477 1099 1535 minus
1113 1481 1200 1534 recte
1215 1477 1316 1534 etiam
1330 1475 1495 1550 disputata

410 1574 445 1633 in
477 1577 548 1633 eius
579 1576 693 1635 libello
723 1579 890 1653 videbam,
916 1586 947 1640 et
970 1600 1047 1641 mox
1069 1582 1153 1640 mihi
1176 1583 1320 1658 persuasi
1342 1581 1382 1640 ad
1404 1580 1493 1638 refu-

410 1681 524 1740 tandas
546 1687 701 1758 rationes,
724 1704 806 1763 quae
824 1686 1015 1747 Antistheni
1031 1688 1200 1747 vindicare
1215 1688 1371 1763 opuscula
1385 1692 1494 1746 nostra

412 1790 579 1863 videntur,
601 1808 717 1866 parum
741 1791 846 1850 valere
868 1795 938 1851 eius
960 1793 1225 1868 disputationem.

452 1895 576 1967 Inesse,
609 1898 635 1954 si
669 1897 722 1954 cui
755 1896 845 1955 lubet
872 1897 933 1956 hoc
955 1898 1139 1969 observare,
1162 1914 1350 1956 numerosas
1372 1901 1493 1972 partes,

409 2001 564 2060 incidisse
597 2001 734 2060 fortuito
767 2003 803 2060 in
835 2004 979 2062 oratioue
1002 2003 1193 2074 exercitata,
1215 2005 1321 2076 partes
1345 2005 1492 2062 numeris

410 2111 455 2166 ita
475 2107 658 2178 adstrictas,
681 2109 717 2163 ut
738 2109 875 2166 senariis
896 2106 1138 2184 quodammodo
1160 2107 1287 2166 similes
1309 2106 1492 2181 videantur,

409 2232 506 2272 nemo
527 2213 658 2286 negabit
674 2246 712 2255 —
734 2213 791 2272 sed
813 2215 995 2290 quaeritur,
1017 2231 1114 2284 num,
1136 2215 1239 2271 textui
1263 2214 1326 2287 ipsi
1349 2213 1441 2272 nulla
1458 2215 1492 2272 vi

409 2319 506 2379 allata
516 2317 589 2393 (nec
602 2319 778 2377 verborum
790 2318 899 2378 ordini
910 2336 969 2377 nec
979 2318 1088 2376 verbis
1098 2318 1203 2395 ipsis),
1213 2318 1293 2376 adeo
1303 2319 1493 2396 frequenter

409 2427 550 2484 trimetri
572 2425 797 2500 suppeditent,
825 2431 861 2483 ut
883 2442 1033 2483 reverse
1055 2426 1175 2498 tragica
1190 2424 1489 2499 origineexplicare

409 2549 461 2590 eas
507 2536 617 2604 poscat
653 2531 752 2588 ratio:
785 2548 862 2588 nam
894 2529 1107 2589 artificiosum
1139 2531 1253 2589 stilum
1286 2531 1492 2604 compositio·

408 2654 549 2712 nemque
561 2635 850 2709 diligentissimam
873 2636 906 2694 id
928 2635 1014 2710 apud
1038 2641 1199 2707 auctores,
1221 2636 1279 2712 qni
1297 2635 1418 2694 talibus
1440 2637 1490 2694 usi

408 2747 485 2801 sunt
516 2740 677 2813 effecisse,
710 2746 746 2799 ut
778 2743 898 2816 passim
931 2759 1123 2800 numerosae
1155 2743 1191 2800 in
1219 2743 1363 2800 oratione
1386 2745 1492 2815 partes

408 2849 636 2920 inveniantur,
666 2866 731 2907 non
753 2848 910 2925 estquod
932 2847 1049 2907 dicam.
1067 2848 1091 2925 ¹)
1134 2847 1248 2923 Neque
1271 2865 1347 2906 vero
1369 2848 1492 2906 mirum

408 2956 434 3014 si
459 2956 493 3012 in
515 2954 726 3013 Antisthenis
748 2953 1041 3012 declamationibus
1063 2955 1192 3011 numeri
1215 2952 1393 3011 abundant.

448 3060 551 3119 Aliud
574 3060 707 3118 accedit.
750 3060 994 3133 Argumentum
1012 3069 1068 3134 τῆς
1083 3056 1195 3123 ὅπλων
1210 3061 1342 3145 κρίσεως
1356 3077 1374 3116 a
1389 3059 1492 3133 poetis

407 3166 538 3239 tragicis
552 3165 579 3236 ²)
621 3165 811 3240 frequenter
843 3168 1015 3222 tractatum
1049 3167 1081 3222 et
1112 3163 1325 3233 celebratum,
1356 3164 1401 3235 ei,
1434 3165 1490 3239 qui

407 3271 513 3330 soluta
524 3273 669 3329 oratione
684 3271 774 3328 idem
790 3276 953 3328 certamen
969 3273 1128 3341 retractat,
1145 3268 1230 3327 ultro
1244 3268 1343 3327 verba
1357 3270 1491 3344 poetica,

407 3377 679 3451 compositionem
712 3375 885 3434 verborum
918 3376 1095 3450 poeticam,
1126 3376 1363 3433 sententiarum
1391 3378 1493 3433 struo·

407 3486 514 3540 turam
536 3486 639 3541 metro
661 3486 802 3558 aptatam
826 3483 861 3540 in
883 3487 1029 3541 mentem
1052 3486 1194 3553 revocat,
1217 3483 1302 3539 siout
1324 3498 1361 3538 ea
1381 3481 1493 3539 omnia

407 3587 489 3645 olim
525 3586 614 3645 idem
646 3588 733 3662 apud
766 3590 905 3662 tragicos
938 3590 1025 3663 ipsos
1059 3587 1188 3661 legerat.
1232 3584 1350 3644 Nonne
1381 3589 1492 3645 autem

407 3691 637 3762 Antisthenes,
677 3711 776 3768 quem
812 3693 1072 3751 versatissimum
1108 3691 1211 3750 fuisse
1244 3692 1279 3749 in
1306 3689 1492 3749 Homericis

407 3799 608 3858 carminibus
629 3801 765 3870 scimus,
788 3801 908 3873 pariter
929 3800 1068 3871 tragicae
1091 3814 1220 3874 quoque
1242 3814 1352 3855 musae
1371 3796 1492 3855 favisse

407 3905 571 3980 putandus
593 3907 665 3963 est?
709 3904 827 3963 Nonne
849 3922 942 3974 eum,
968 3901 1025 3980 qui
1047 3902 1080 3961 iu
1103 3909 1214 3979 poetae
1237 3905 1322 3979 epici
1340 3903 1493 3978 operibus

407 4017 531 4071 tantam
553 4013 686 4070 navavit
707 4028 856 4086 operam,
878 4014 951 4069 tum
966 4027 1042 4068 cum
1058 4013 1289 4084 argumentum
1299 4011 1493 4067 tractaturus

440 4276 463 4342 ¹)
497 4278 657 4329 Luculentcr
677 4279 710 4327 dc
739 4278 810 4327 hisce
835 4277 954 4341 disputat
974 4277 1055 4346 111111.
1073 4279 1130 4327 Att.
1151 4277 1275 4326 Boredsk.
1292 4279 1320 4324 et
1336 4276 1364 4324 in
1382 4275 1493 4325 adnota-

407 4370 523 4419 tionibus
539 4370 591 4419 suis
608 4370 641 4418 ad
655 4369 871 4428 Demosthenem,
890 4367 1081 4430 Antiphontem
1099 4371 1148 4417 111.
1166 4365 1272 4414 Norden
1286 4365 1325 4424 ll.,
1336 4380 1360 4428 p.
1370 4366 1400 4412 53
1411 4368 1448 4412 nt.
1461 4366 1488 4413 3.

438 4455 463 4521 ¹)
497 4458 579 4508 Initio
596 4459 676 4509 huius
692 4459 788 4523 capitis
803 4458 910 4507 nomina
928 4457 1035 4522 protuli.
