3524 5362
880 441 900 503 4

489 624 585 683 VIII.
608 621 656 683 39.
684 628 754 708 περὶ
781 634 942 705 μουσικῆς·

606 727 655 788 40.
701 755 714 785 ν
779 726 953 816 ἐξηγητῶν·

607 834 656 894 41.
781 835 931 923 Ὀιιὴρον.

607 941 655 1002 42.
781 938 903 1018 ἀδικίας
925 947 972 1008 καὶ
996 940 1157 1029 ιἰσεβείας.

606 1045 655 1107 43.
781 1048 985 1135 Κάλχαντος·

607 1151 656 1211 44.
703 1177 709 1201 ι
779 1156 990 1218 κατασκόπου·

607 1257 655 1318 45.
779 1256 906 1334 ἡδονῆς.

526 1364 585 1425 ΙΧ.
605 1363 655 1435 46.
781 1363 978 1440 Ὀδυσσείας·

606 1470 655 1530 47.
779 1481 836 1547 τῆς
857 1467 997 1556 ῥάβδου.

605 1575 653 1636 48.
675 1578 797 1653 Ἀθηνᾶ
819 1577 838 1652 ἢ
859 1581 929 1663 περὶ
952 1577 1150 1664 Τηλεμάχου·

604 1681 653 1742 49.
675 1687 746 1769 περὶ
768 1682 903 1759 Ἑλένης
925 1688 972 1748 καὶ
999 1682 1200 1759 Πηνελόπης·

604 1787 653 1848 50·
698 1813 712 1845 ν
769 1791 936 1876 Πρτιυίως·

606 1893 654 1954 51·
678 1894 820 1978 Κύκλωψ
842 1894 860 1970 ἢ
883 1899 951 1981 περὶ
974 1890 1164 1969 Ὀδυσσέως·

603 1998 653 2059 52.
675 2005 746 2087 περὶ
778 1998 868 2065 οίυου
890 2003 1036 2087 χρήσεως
1060 1999 1077 2074 ἢ
1107 2004 1177 2087 περὶ
1200 2003 1298 2083 μίὲης
1320 2001 1339 2076 ἢ
1360 2007 1428 2089 περὶ

673 2110 730 2170 τοῦ
753 2106 942 2181 Κάκλωπος·

603 2209 652 2271 53.
673 2217 742 2297 περὶ
766 2213 895 2299 Κίρκης·

604 2315 652 2375 54.
698 2340 713 2372 ιι
766 2319 974 2405 Ἀμφιαράου.

604 2421 652 2482 55·
698 2447 712 2479 ‘t
766 2431 823 2489 τοῦ
835 2421 1011 2498 Ὀδυσσέως·
1023 2427 1072 2487 καὶ
1091 2421 1282 2498 Πηνελόπης
1295 2429 1341 2488 καὶ
1358 2428 1426 2511 περὶ

765 2536 821 2594 τοῦ
844 2531 951 2605 κυνός·

538 2634 578 2695 X.
601 2633 650 2694 56.
672 2632 833 2721 Ἡρακλῆς
855 2635 873 2710 ἢ
897 2630 1012 2710 Μίδας·

601 2738 650 2799 57.
736 2764 749 2793 υ
858 2765 870 2793 ι
895 2744 965 2827 περὶ
989 2742 1174 2826 φρονήσεως
1199 2739 1216 2815 ἢ
1239 2743 1363 2824 ίσχάος·

600 2844 648 2904 58·
673 2852 781 2932 Κῦρος
802 2846 821 2921 ἢ
843 2847 1010 2931 ἐρώμενος·

600 2949 648 3010 59.
735 2975 748 3002 υ
805 2975 818 3001 ιι
842 2951 1045 3015 κατάσκοποι·

601 3053 649 3115 60·
673 3054 849 3130 Μενέξενος
871 3055 890 3129 ἢ
912 3060 981 3140 περὶ
1004 3061 1060 3119 τοῦ
1083 3055 1206 3142 άρχειυ·

601 3158 649 3220 61·
672 3155 893 3248 Ἀλκιβιάδης·

600 3265 647 3327 62.
671 3266 852 3353 Ἀρχίλοος
873 3267 892 3342 ἢ
914 3271 983 3353 περὶ
1010 3262 1190 3350 βασιλείας·
1255 3328 1259 3333 .

379 3367 659 3428 Distributionem
680 3370 801 3429 hancce
823 3371 865 3429 ad
885 3372 1137 3445 grammaticum
1157 3370 1423 3429 Alexandrinum

337 3475 542 3534 referendam
571 3494 640 3535 esee
669 3476 837 3551 probabile
860 3483 921 3549 eet,
955 3479 1030 3552 qni,
1061 3482 1096 3534 ut
1124 3474 1317 3549 Thursyllue
1344 3477 1424 3534 feeit

337 3583 372 3639 in
408 3580 555 3641 Platonis
580 3583 748 3658 operibus,
772 3585 817 3641 ita
840 3582 1049 3642 Antisthenis
1072 3583 1173 3640 libroe
1195 3582 1369 3657 disponere
1392 3590 1424 3641 et

340 3687 505 3762 explicare
527 3693 661 3747 conatus
682 3692 739 3746 est.
761 3685 918 3763 (Mueller
939 3705 970 3762 p.
993 3684 1057 3764 34.)

377 3792 525 3852 Indieem
569 3794 712 3852 breviter
750 3810 955 3867 pereur1·an1;
993 3798 1160 3851 accuratae
1200 3795 1421 3870 inquisitioni,

334 3905 560 3975 praeterquam
592 3899 681 3976 quod
712 3917 731 3958 a
762 3906 872 3958 nostro
904 3900 1069 3974 proposito
1100 3899 1208 3958 aliena
1230 3908 1293 3973 est,
1324 3918 1422 3975 prava

335 4003 493 4078 Diogenis
514 4005 665 4064 codicum
688 4005 839 4063 condicio
862 4004 1100 4081 impedimento
1116 4009 1173 4064 est.

374 4109 484 4184 Longa
530 4118 578 4168 est
621 4109 793 4168 titulorum
837 4112 950 4180 series,
995 4127 1110 4181 inagna
1153 4118 1420 4183 argumentorum

333 4217 484 4282 venetam
527 4217 746 4272 inveniuntur
788 4217 877 4272 enirn
928 4216 1074 4272 cuiusvis
1123 4219 1252 4288 generis
1301 4221 1420 4294 scripta

334 4319 406 4379 scil:

373 4425 551 4484 rhetorica:
585 4423 648 4483 vol.
672 4424 698 4483 Ι.
