3524 5362
854 450 894 513 24

596 629 869 718 ἀντιλέγοντα
897 634 1015 701 παύειν,
1044 629 1132 695 ἀλλὰ
1159 626 1323 695 διδάσκειν·
1346 623 1417 692 οὐδὲ

595 738 657 823 γὰρ
686 739 743 802 τὸν
761 738 957 835 γι-α-ιν-όμε-νον
978 735 1237 816 ιἰντιμυινόμενός
1258 761 1307 807 τις
1327 737 1418 798 ίᾶται·

333 864 362 922 p.
388 842 436 917 60,
459 845 498 903 fr.
522 841 570 903 92.
593 842 687 917 Diog.
720 842 824 902 Laert.
857 842 923 914 VI,
955 839 988 910 3;
1023 875 1064 884 —
1096 840 1130 900 ef
1161 855 1269 914 supra:
1296 837 1336 904 ἂν
1363 842 1419 920 μὲν

596 947 695 1024 καλὴν
732 946 809 1024 ἕξεις
837 950 994 1023 κοινήν,
1026 945 1065 1010 ἂν
1097 941 1129 1013 δὲ
1160 944 1309 1032 αἰσχρὰν,
1341 941 1419 1020 ἕξεις

595 1056 752 1129 ποινήν·

374 1162 417 1220 id.
461 1159 500 1220 fr.
523 1158 571 1220 95.
594 1159 689 1235 Diog.
719 1159 823 1219 Laeri.
846 1158 909 1231 VI,
930 1156 962 1218 3:
985 1155 1140 1230 cuidam,
1164 1158 1221 1235 qui
1248 1174 1282 1216 ee
1308 1155 1419 1215 Antie-

595 1266 687 1326 theni
699 1267 734 1324 in
746 1264 957 1340 disciplinam
973 1264 1049 1323 dare
1064 1264 1178 1337 vellet,
1190 1264 1327 1338 roganti,
1338 1264 1419 1340 quid

596 1387 678 1447 opus
709 1374 807 1442 esset,
838 1349 1018 1446 respondit:
1048 1364 1241 1457 βιβλιαρίου
1266 1373 1328 1434 καὶ
1351 1378 1421 1434 νοῦ

596 1479 646 1541 καὶ
662 1478 815 1564 γραφείου
837 1480 895 1540 καὶ
916 1480 983 1539 νου
1005 1479 1053 1538 καὶ
1067 1469 1244 1540 πινακιδίου
1260 1473 1320 1541 καὶ
1345 1481 1421 1541 νοῦ·

333 1605 363 1662 p.
386 1584 434 1654 61,
457 1585 497 1642 ir.
520 1580 568 1642 98.
592 1581 686 1656 Diog.
720 1580 824 1640 Laert.
860 1578 918 1652 VI,
954 1580 984 1640 5:
1028 1582 1133 1670 ὥσπερ
1169 1580 1231 1647 ὑπὸ
1267 1589 1323 1648 τοῦ
1359 1584 1421 1647 ἰοῦ

598 1689 654 1753 τὸν
691 1683 840 1773 σίδηρον,
876 1685 977 1761 οὕτως
1015 1685 1102 1774 ἔλεγε
1134 1691 1210 1764 τοὺς
1243 1692 1422 1777 φθονεροὺς

597 1794 658 1859 ὑπὸ
679 1800 736 1859 τοῦ
758 1789 865 1859 ἰδίου
887 1791 988 1868 ἤθους
1011 1796 1239 1860 κατεσθίεσθαι·

334 1922 364 1980 p.
377 1901 424 1963 65.
447 1901 487 1961 ir.
502 1899 569 1961 121.
592 1899 677 1959 Plut.
707 1898 747 1958 de
775 1896 873 1957 Stoic.
899 1915 983 1974 resp.
1011 1898 1101 1959 XIV.
1129 1897 1177 1961 13.
1205 1918 1234 1976 p.
1262 1896 1334 1959 356:
1366 1909 1422 1966 τοῦ

597 2004 834 2079 Ἀντισθίνουςῑ
855 1983 894 2069 rb
914 1999 979 2069 δεῖν
1000 2007 1133 2071 κτᾶσθαι
1156 2012 1232 2071 νοῦν
1248 2005 1422 2096 ἢβρόχον·

597 2110 707 2185 polius
728 2108 958 2183 corrigendum
976 2126 1050 2167 cnm
1068 2107 1161 2184 Diog.
1178 2109 1281 2171 Laert.
1297 2112 1355 2185 VI,
1370 2112 1422 2174 24:

597 2215 634 2280 τὸ
657 2208 722 2278 δεῖν
743 2212 1003 2312 κτᾶσθαιγλόγον
1025 2208 1206 2302 ἢβρόχον·

378 2428 440 2487 III.
485 2426 624 2513 11ἆρισα,
646 2426 768 2502 quibus
789 2443 882 2502 saepe
904 2423 1044 2491 ἰσόκωλα
1065 2426 1261 2499 iunguntur:

336 2552 365 2610 p.
389 2531 437 2605 17,
459 2532 499 2591 fr.
543 2528 571 2590 9.
593 2530 714 2591 Athen.
746 2530 785 2604 V,
816 2549 846 2607 p.
876 2526 936 2590 220
965 2527 999 2590 0.
1029 2529 1243 2615 Antisthenes
1265 2533 1301 2591 in
1322 2534 1424 2593 aliero

599 2634 684 2712 Cyro
705 2637 745 2695 de
767 2636 940 2695 Alcibiade
962 2635 1062 2695 dixit:
1343 2626 1345 2630 ί

600 2777 639 2787 -
660 2740 870 2828 Ἀλκιβιάδην
892 2747 941 2809 καὶ
963 2743 1151 2830 παράνομον
1174 2745 1251 2810 εἶναι
1270 2743 1382 2830 (λέγει)
1402 2743 1407 2826 Ι

599 2854 648 2914 καὶ
664 2853 708 2925 εἰς
723 2861 875 2937 γυναῖκας
893 2848 898 2930 Ι
917 2855 966 2914 καὶ
988 2853 1032 2926 είς
1054 2852 1112 2926 τὴν
1134 2848 1239 2926 ἄλλην
1255 2847 1383 2918 διαίταν.
1403 2850 1408 2933 Ι

600 2959 740 3023 συνεῖναί
777 2958 839 3044 γάρ
878 2972 973 3044 φησιν
1013 2958 1110 3023 αὐτὸν
1146 2963 1194 3023 καὶ
1232 2962 1323 3042 μητρὶ
1350 2954 1354 3038 Ι
1377 2964 1424 3022 καὶ

599 3067 733 3149 θυγατρὶ
753 3060 758 3142 Ι
777 3093 824 3128 κοι
835 3059 966 3149 ἀδελφῇ,
985 3060 990 3142 Ι
1008 3064 1053 3139 ὡς
1066 3067 1202 3151 Πέρσας.
1222 3064 1265 3124 cf.
1278 3061 1425 3123 Euslath.

598 3168 639 3227 ad
662 3167 760 3227 Hom.
783 3166 842 3228 Od.
865 3167 926 3240 XI,
948 3186 978 3245 p.
1000 3165 1070 3228 378.
1092 3168 1142 3230 ed.
1166 3169 1258 3230 Rom.

378 3276 422 3334 id.
464 3277 505 3334 fr.
528 3273 575 3335 10.
598 3274 719 3335 Athen.
750 3273 834 3347 XII,
856 3293 887 3352 p.
910 3272 970 3335 534
991 3271 1026 3336 0.
1050 3277 1167 3335 iterum
1190 3276 1231 3336 de
1253 3276 1426 3337 Alcibiade

601 3379 714 3438 acerbe
737 3380 873 3440 iudicat:

600 3519 640 3528 -
661 3485 798 3573 ἰσχυρὸν
820 3485 916 3552 αὐτὸν
934 3483 939 3565 Ι
958 3490 1007 3551 καὶ
1030 3482 1176 3573 ἀνδρώδη
1195 3485 1199 3567 Ι
1218 3493 1266 3553 καὶ
1282 3486 1426 3556 ἀπαίδευ-

598 3618 656 3656 τον
681 3588 686 3671 Ι
712 3589 760 3657 καὶ
787 3590 950 3679 τολμηρὸν
975 3589 980 3672 Ι
1004 3596 1052 3658 καὶ
1075 3594 1193 3680 ὡραῖον
1211 3591 1215 3672 Ι
1235 3594 1280 3680 ἐφ’
1301 3594 1426 3672 ἡλικίας

602 3702 750 3785 γενέσθαι
772 3703 876 3785 φησίν·

339 3825 369 3882 p.
392 3803 440 3877 23,
463 3805 502 3865 ir.
526 3804 574 3865 24.
596 3804 756 3865 Theodor.
778 3804 832 3866 Gr.
848 3804 966 3866 Affect.
984 3804 1093 3866 Curat.
1110 3805 1201 3884 Disp.
1220 3806 1245 3884 ¹)
1268 3807 1295 3879 Ι,
1311 3824 1341 3882 p.
1357 3804 1425 3866 477.

602 3910 652 3970 ed.
677 3909 782 3983 Paria,
804 3928 866 3971 see.
889 3910 966 3971 Ant.
989 3911 1070 3971 deus
1092 3912 1220 3971 nemini
1242 3912 1377 3970 similis:

601 4049 641 4060 -
673 4015 737 4081 ἀπὸ
769 4018 891 4093 εἰκόνος
924 4018 962 4082 οὐ
995 4015 1191 4104 γνωρίζεται,
1220 4013 1427 4101 Ιόφθαλμοῐς

603 4123 668 4210 οὐχ
688 4126 811 4209 ὁρᾶται,
831 4120 835 4202 Ι
855 4119 958 4189 οὐδένι
980 4123 1087 4189 ἔοικεν·

372 4274 395 4340 ¹)
432 4276 526 4325 Sintne
544 4276 608 4326 haec
626 4276 704 4325 verba
715 4277 797 4340 ipsius
808 4276 988 4337 Antisthenis,
1000 4276 1141 4324 admodum
1157 4276 1186 4324 in
1202 4278 1303 4324 eertum
1315 4274 1427 4325 videtur.

242 4412 245 4418 .
339 4368 374 4416 ef.
397 4366 477 4414 Clem.
502 4366 576 4415 Alex.
602 4365 746 4430 Protrept..
770 4380 791 4415 ο.
810 4365 860 4426 Vl,
878 4364 892 4430 ξ
911 4366 954 4423 71,
972 4379 997 4430 p.
1015 4366 1054 4416 61.
1090 4364 1159 4415 Pon.
1177 4392 1209 4402 -
1225 4364 1260 4416 id.
1280 4366 1373 4414 Strom.
1393 4365 1427 4425 V,

340 4472 362 4509 c.
382 4459 424 4506 14.
441 4454 456 4519 ξ
476 4458 529 4509 109,
