3524 5362
947 431 985 493 16

424 615 456 669 et
477 611 657 670 admiratus
679 616 709 670 et
736 614 882 671 imitatus
904 614 974 672 est?
1017 614 1070 673 Ad
1092 632 1164 673 eam
1186 617 1410 693 quaestionem
1431 615 1510 674 diri·

424 716 578 775 mendam
610 718 719 776 brevis
745 716 926 792 Gorgianae
947 720 1025 778 artis
1047 727 1240 797 conspectus
1261 722 1510 798 praeponendus

424 840 491 881 esse
514 823 655 882 videtur.

464 927 549 988 Mira
571 936 602 988 et
624 947 709 989 nova
729 948 780 991 ars
801 930 1020 1006 sophistarum
1042 931 1234 1009 aequalibus
1256 935 1325 993 visa
1346 939 1403 993 est.
1438 932 1511 993 Sin·
1566 964 1569 969 >

422 1035 528 1108 gulari
561 1041 591 1094 et
623 1039 712 1096 varia
739 1039 898 1113 sapientia
919 1038 1073 1112 praediti,
1096 1039 1238 1098 vanitate
1261 1040 1353 1111 elati,
1375 1041 1511 1099 avaritia

422 1140 512 1215 pleni
549 1143 738 1217 praesertim
774 1142 889 1201 docere
920 1150 953 1201 et
985 1144 1157 1202 instituere
1189 1144 1359 1212 volebant;
1392 1145 1511 1220 placita

423 1249 505 1305 mira
534 1255 567 1306 et
599 1266 696 1322 nova,
729 1248 906 1324 paradoxa,
935 1250 1071 1308 induere
1094 1249 1241 1309 solebant
1263 1250 1369 1309 forma
1390 1251 1511 1325 pariter

421 1353 595 1413 artificiosa
616 1360 648 1414 et
670 1355 841 1432 exquisita.
872 1354 1074 1431 Quapropter
1096 1373 1163 1414 nou
1174 1357 1333 1415 miramur
1344 1373 1435 1426 eum,
1452 1358 1507 1433 qui

421 1459 597 1518 contendat
629 1459 715 1518 nihil
748 1477 831 1532 esse,
865 1478 924 1519 nec
956 1463 1105 1534 cognosci
1132 1478 1192 1520 nec
1214 1463 1380 1520 enuntiari
1402 1479 1510 1537 posse,

422 1570 589 1641 praecepta
620 1583 679 1626 sua
710 1571 844 1625 externa
872 1567 979 1642 specie
1001 1583 1145 1639 ornasse,
1177 1584 1259 1644 quae
1281 1566 1316 1625 id
1338 1569 1509 1643 praecipue

422 1672 577 1747 efficeret,
613 1680 647 1732 ut
678 1673 867 1733 auditorum
899 1675 1003 1732 animi
1036 1679 1068 1733 et
1095 1691 1188 1733 aures
1210 1673 1457 1732 adverterentur
1478 1676 1510 1730 et

420 1784 620 1838 tenerentur.
660 1778 753 1849 Quod
775 1778 952 1838 artificium
974 1776 1107 1852 Gorgias
1125 1783 1200 1836 ante
1220 1795 1333 1837 omnes
1344 1783 1510 1839 assecutus

420 1890 486 1944 ost:
519 1903 630 1961 reapse
662 1885 742 1944 haec
774 1903 824 1944 ars
855 1886 885 1943 ei
908 1885 1038 1960 propria
1060 1901 1129 1942 esse
1151 1884 1297 1956 videtur,
1319 1885 1376 1960 qui
1399 1882 1510 1941 rhetor

420 1993 629 2067 potissimum
650 1991 807 2066 appellari
830 1990 911 2049 vult.
942 1989 981 2048 Ei
1005 1994 1129 2064 praeter
1150 1994 1382 2063 argumentum
1403 1988 1510 2047 forma

420 2098 576 2155 orationis
607 2113 658 2154 res
687 2101 734 2154 est
756 2097 906 2154 omnium
927 2095 1134 2168 gravissima,
1164 2112 1228 2171 qua
1249 2097 1293 2153 ita
1315 2095 1508 2153 excelluisse

421 2201 552 2260 videtur
572 2200 723 2276 Gorgias,
757 2207 792 2261 ut
814 2202 1055 2260 illustrissimos
1077 2217 1207 2277 quoque
1229 2203 1400 2276 scriptores
1422 2202 1508 2259 exci-

421 2310 537 2366 taverit
557 2308 598 2366 ad
619 2309 780 2367 rationem
802 2307 935 2366 dicendi
957 2305 1166 2366 artificiosam
1189 2307 1393 2366 imitandam.
1425 2306 1508 2364 Inde

421 2415 647 2490 Thucydides,
671 2413 747 2472 inde
771 2413 927 2472 isocrates
949 2414 984 2470 in
1007 2411 1101 2470 libris
1122 2413 1191 2470 suis
1212 2429 1307 2487 saepe
1328 2410 1508 2487 Gorgianae

419 2525 499 2583 artis
520 2523 657 2595 vestigia
672 2520 893 2597 reliquerunt.
914 2519 940 2596 ¹)

460 2630 557 2716 τεχνὴ
588 2625 738 2713 ῥητορικὴ
769 2643 851 2702 quae
873 2624 1056 2684 secundum
1079 2622 1323 2693 Quintilianum
1345 2623 1451 2682 tribus
1472 2625 1508 2681 in

419 2736 524 2795 causis
556 2733 746 2809 praesertim
778 2730 966 2789 adhibenda
991 2734 1039 2788 est
1065 2729 1134 2788 scil.
1166 2730 1201 2786 in
1228 2729 1507 2802 demonstrativis,

419 2840 658 2909 deliberativis,
690 2836 920 2912 judicialibus,
943 2838 1040 2894 etiam
1064 2852 1139 2909 ergo
1161 2835 1370 2910 amplectitur
1390 2853 1507 2909 genus,

417 2948 505 3024 quod
521 2945 640 3005 Graece
654 2939 851 3008 tredemude
864 2941 892 3018 ³)
908 2943 1111 3012 nominatur,
1125 2940 1213 3017 quod
1230 2942 1321 3018 quasi
1332 2940 1358 3018 ³)
1370 2940 1507 2999 delecta·

418 3053 518 3110 tionis
549 3068 645 3109 causa
676 3056 707 3108 et
739 3050 779 3108 ad
812 3048 1014 3124 voluptatem
1045 3049 1175 3106 aurium
1201 3051 1422 3122 comparatum
1445 3051 1507 3118 est,

418 3157 511 3231 copia
532 3155 707 3214 verborum
729 3155 893 3230 exquisita
907 3154 1143 3212 sententiarum
1159 3157 1322 3211 structura
1335 3153 1508 3212 artificiosa

417 3262 601 3320 auditorem
634 3265 774 3336 captans.
819 3259 895 3317 Fuit
916 3259 1105 3334 praesertim
1127 3255 1270 3331 Gorgias,
1292 3259 1349 3334 qui
1365 3258 1425 3318 hac
1440 3265 1507 3317 arte

418 3366 608 3434 elaboravit;
639 3366 704 3423 huc
737 3366 901 3440 pertinent
935 3365 1006 3421 eius
1028 3357 1202 3437 ἐπιδείξεις,
1225 3364 1371 3447 παίγνια,
1397 3359 1507 3436 ἄδοξοι

417 3474 600 3547 ὑποθέσεις,
624 3489 705 3548 quae
737 3472 847 3529 omnia
869 3471 998 3546 proprie
1020 3467 1106 3526 nihil
1129 3469 1194 3525 nisi
1217 3472 1401 3528 commenta
1423 3470 1507 3528 facta

417 3588 448 3635 et
470 3576 544 3636 ficta
566 3595 584 3635 a
604 3574 891 3650 sophista-rhetore
908 3575 1070 3632 eximium
1086 3574 1121 3631 in
1137 3571 1272 3630 modum
1289 3574 1507 3648 propagabant

417 3690 449 3741 et
466 3681 740 3742 commendabant
754 3682 915 3739 novitates
930 3680 1089 3737 sermonis
1104 3682 1320 3754 ornatumque
1333 3679 1505 3737 verborum

417 3789 642 3848 immodicum.
685 3786 765 3846 Arte
797 3785 854 3843 tali
881 3784 1022 3870 confisus
1042 3782 1195 3842 audacter
1215 3782 1359 3858 sophista
1381 3786 1506 3858 opinio-

449 4082 471 4146 ¹)
506 4085 540 4132 ci.
558 4083 589 4133 Ε.
607 4083 723 4132 Norden:
741 4082 839 4130 Antike
859 4081 1025 4144 Kunstprosa
1044 4081 1064 4140 I,
1082 4096 1107 4143 p.
1124 4083 1164 4129 95.
1191 4081 1273 4129 Blass.
1288 4082 1308 4140 l,
1322 4098 1345 4144 p.
1359 4082 1413 4139 214,
1428 4096 1453 4142 p.
1466 4083 1504 4128 dt.

417 4173 533 4221 Marcell.
551 4175 599 4220 vit.
619 4173 699 4221 Thuo.
719 4188 742 4236 p.
761 4175 799 4220 ts.
821 4173 855 4220 cf.
874 4172 1043 4233 inl1·ap.28.

447 4262 470 4322 ²)
505 4264 756 4323 l'ir.01·at.37s1.

446 4352 470 4415 3)
505 4350 713 4412 ο1.-“11λὲνης
738 4352 785 4416 μὲν
809 4349 941 4416 ἐγκώμιον,
967 4348 1027 4412 ἐμὸν
1053 4347 1077 4396 δὲ
1105 4349 1241 4413 παίγνιον,
1267 4353 1399 4410 postrema
1427 4351 1505 4399 verba

414 4445 531 4492 Helenae
549 4444 668 4505 Gorgiae.
