3524 5362
979 492 1038 554 114

504 676 557 734 Αἱ.
580 674 611 734 9:
633 676 671 749 ὃς
695 678 824 762 πρῶτος
846 673 892 739 ἀεὶ
914 681 961 739 καὶ
982 678 1084 757 μόνος
1105 679 1232 762 τείχους
1254 673 1401 759 dap-n·

504 781 674 839 Summam
706 783 774 838 vim
806 781 904 839 habet
936 784 971 838 in
1004 799 1040 840 ea
1070 783 1232 839 sententia
1253 779 1310 856 (cf.
1332 783 1475 854 textum)
1498 783 1545 844 καὶ

465 886 550 945 illud
582 903 631 944 ter
663 888 838 961 repetitum
871 891 902 944 et
935 888 1031 945 initio
1064 887 1269 961 singulorum
1299 884 1549 944 intervallorum

466 995 620 1068 positum.
663 990 800 1051 Moleste
832 994 922 1050 enim
954 992 988 1051 id
1015 995 1051 1051 in
1073 991 1324 1052 Radermacheri
1349 1007 1443 1050 versu
1465 990 1549 1048 desi·

465 1097 626 1168 decamus,
649 1097 726 1155 licet
750 1097 838 1155 idem
862 1097 971 1172 lepide
994 1099 1226 1171 excogitaverit
1247 1096 1328 1183 ἄτερ.

505 1204 563 1263 Od·
586 1203 617 1263 4:
650 1207 698 1287 ἐμὲ
721 1201 751 1270 δὲ
774 1207 830 1269 τὸν
852 1203 1105 1290 ἐξευρόνθ’ὅπως
1128 1204 1212 1270 ’ἔσται
1235 1202 1382 1270 τόδε-υ·

505 1311 658 1369 Senarins
690 1311 760 1368 sine
794 1310 861 1368 ullo
895 1311 1030 1369 vinculo
1060 1328 1077 1368 e
1105 1327 1202 1369 sensu
1231 1309 1414 1371 distractus.
1450 1310 1550 1370 Deest

464 1435 604 1474 caesura.

504 1520 563 1579 od.
586 1519 617 1579 7:
639 1521 727 1595 ὅστις
748 1522 933 1607 γε’πρῶτον
954 1518 1030 1584 ὅπλ’
1052 1519 1135 1607 ἔχεις
1158 1519 1379 1608 άρρηκτο<τε>

544 1625 695 1720 sirpeam,
720 1623 783 1691 διίἳ
804 1630 839 1692 σέ
860 1641 956 1713 φασιν
979 1626 1122 1714 ἄτρωτον
1143 1627 1258 1692 πέλειν.

505 1732 557 1795 σῖν
580 1731 636 1817 ἅτρ
661 1766 699 1775 -
720 1734 832 1791 minus
853 1739 939 1792 recte
961 1734 1153 1809 producitur
1175 1730 1243 1820 άτρ.

502 1837 643 1924 ἄτρωτος
667 1837 716 1895 bis
738 1841 913 1913 repetitum
937 1841 971 1896 in
993 1840 1109 1897 eodem
1133 1857 1229 1896 versu
1245 1837 1407 1913 displicet,
1430 1838 1549 1896 rectius

462 1944 540 2001 Aias
573 1945 640 2017 ipse
666 1944 830 2001 diceretur
862 1946 899 2008 οὐ
931 1945 1053 2028 τρωτός
1083 1979 1123 1987 -
1152 1945 1257 2009 πέλειν
1279 1961 1336 2018 pro
1359 1943 1450 2013 εἶναι,
1475 1944 1545 2002 iure

462 2066 520 2106 suo
553 2050 696 2122 reposuit
730 2048 1024 2119 Radermacherus;
1055 2053 1121 2109 iam
1153 2053 1264 2110 minus
1296 2056 1381 2110 recte
1413 2047 1450 2116 δι’
1473 2050 1493 2114 ἃ
1515 2078 1548 2114 σε

462 2151 672 2238 prodt’dmp
694 2155 812 2213 —sed
835 2156 891 2213 ubi
915 2156 1046 2214 tandem
1074 2155 1281 2215 versificandi
1300 2156 1390 2229 finis,
1413 2159 1439 2215 si
1463 2159 1550 2215 inter

461 2266 585 2336 septem
610 2261 766 2321 vocabula
787 2263 849 2320 tria
864 2261 938 2336 plns
951 2264 1102 2321 minusve
1115 2267 1298 2335 mutantur,
1311 2269 1347 2321 ut
1357 2264 1548 2321 trimetrum

462 2366 650 2426 lucremur?

502 2471 560 2531 (Μ.
587 2472 634 2531 ll:
655 2472 755 2556 κ’άμοὶ
776 2480 832 2556 μὲν
855 2475 949 2549 αὐτὸς
971 2477 1008 2549 ἦν
1031 2473 1071 2538 ἂν
1094 2477 1137 2548 εἰς
1159 2473 1278 2548 αὐτοὺς
1299 2473 1481 2561 λόγοςιω

503 2578 648 2638 Mutatur
666 2580 759 2652 ordo,
778 2581 947 2655 reponitur
958 2583 1001 2655 εἰς
1013 2599 1070 2655 pro
1081 2581 1177 2667 πρὸς,
1190 2578 1246 2638 sed
1258 2580 1407 2640 attendas
1419 2597 1546 2657 quaeso,

459 2684 580 2761 quibus
595 2683 733 2759 pedibus
745 2689 869 2743 constet
888 2687 1047 2744 senarius:
1068 2683 1158 2767 κάμοὶ
1176 2683 1181 2763 Ι
1198 2689 1255 2767 μὲν
1270 2687 1307 2749 αὑ
1324 2684 1330 2762 Ι
1349 2689 1405 2761 τὸς
1421 2691 1459 2762 ἦν
1482 2690 1486 2762 Ι
1509 2685 1548 2751 ἂν

459 2793 502 2863 εἷς
520 2787 524 2868 Ι
543 2791 659 2865 αὐτοὺς
677 2790 682 2865 Ι
701 2789 807 2875 λόγος
831 2823 872 2832 -
893 2807 958 2865 quo
980 2788 1061 2866 quid
1083 2795 1188 2864 potest
1210 2806 1277 2848 esse
1302 2791 1546 2864 inelegantius?

501 2896 543 2954 ill·
567 2893 655 2961 δυοῖν
675 2902 732 2978 μὲν
754 2898 810 2960 οὒκ
832 2894 871 2961 ἂν
894 2897 1096 2981 φροντίσαις,
1120 2896 1192 2970 ἑνὸς
1214 2891 1247 2961 δέ
1272 2894 1420 2981 γ’ἂν....

500 3000 539 3065 ἂν
554 3002 821 3077 monosyllabum
834 3002 955 3059 iterum
971 3002 1006 3059 in
1019 2999 1083 3058 fine
1098 3018 1221 3060 versus.
1246 3019 1322 3060 voce
1334 3028 1371 3088 γε
1384 3006 1547 3062 sententia

458 3124 525 3164 non
548 3108 684 3180 indiget.

499 3212 557 3271 Od.
580 3210 631 3272 13:
653 3216 749 3278 κακὸν
769 3213 920 3299 μίγιστον
942 3223 1010 3289 τοῖς
1031 3215 1163 3302 ἔχουσιν
1186 3213 1315 3298 ἀμαθία·

500 3318 634 3388 Versus,
657 3320 824 3394 proverbii
847 3321 949 3378 instar
970 3321 1079 3395 lepide
1101 3320 1240 3380 relictus.

499 3423 557 3483 Od·
580 3423 630 3483 14:
654 3430 686 3490 σὲ
710 3422 787 3500 δ’ὡς
809 3429 941 3513 ἐγῷμαι,
963 3428 1020 3502 τὴν
1043 3430 1138 3512 φύσιν
1160 3427 1359 3513 προσεικάσει

540 3532 652 3594 veritur
677 3531 808 3596 τ’ὅνοισι
829 3537 876 3600 καὶ
902 3529 1017 3617 βόεσσι
1043 3529 1222 3620 φορβάσιν·

499 3634 601 3695 Cuius
632 3639 882 3712 comparationis
914 3639 1004 3710 origo
1036 3638 1076 3696 ad
1109 3637 1292 3696 Homerum
1322 3638 1390 3712 pari
1413 3634 1482 3695 iure
1508 3645 1552 3695 ao

457 3742 497 3800 ad
520 3742 718 3815 tragoediam
741 3748 790 3803 est
811 3744 991 3804 referenda.
1026 3745 1068 3804 cf.
1092 3745 1191 3805 Blass.
1216 3745 1249 3805 ll.

499 3847 574 3906 Post
596 3848 674 3907 haec
698 3846 974 3910 Radermacherus
996 3851 1106 3925 plures
1123 3851 1278 3926 deinceps
1290 3849 1388 3908 finxit
1400 3850 1543 3907 senarios

457 3973 497 4012 ex
520 3953 579 4014 Od.
601 3952 690 4014 5-6.

538 4059 696 4147 ἀλλἐἴπερ
718 4064 750 4127 ἐκ
771 4066 836 4126 τῶν
858 4063 985 4126 εἰκότων
1009 4064 1183 4147 τεκμήριον,

538 4178 632 4242 κακῆς
654 4166 809 4255 ὑπ’ὀργῆς
832 4171 948 4232 σαυτὸν
970 4169 1094 4254 ἐργάσει
1115 4171 1245 4243 κακῶς·λ

538 4271 628 4356 κάμοὶ
649 4278 705 4354 μὲν
727 4271 773 4337 ὅτι
794 4277 869 4348 τοὺς
891 4273 1064 4353 πολεμίους
1090 4273 1195 4362 λάθρᾳ
1221 4277 1296 4341 κακὰ

537 4375 795 4467 μέγιστ’ἕὲρασα,
820 4376 938 4444 δειλίαν
964 4377 1144 4455 ὠνείδισας,

537 4486 576 4548 σὺ
599 4480 657 4550 δἐἴ
678 4512 706 4550 τι
728 4489 870 4572 φανερῶς
892 4483 1154 4573 κᾷτ’ἱμόχθησας
1174 4485 1289 4570 μάτην,
