3524 5362
871 432 888 499 2

334 620 387 677 via
401 618 559 694 aperitur,
577 620 748 695 inquibus
766 637 824 678 suo
841 621 981 696 quisque
995 619 1130 692 ingenio
1143 615 1285 677 ducitur.
1315 618 1423 690 Igitur

333 732 366 783 et
395 725 531 784 audacia
562 726 686 801 aliqua,
717 732 749 784 et
781 726 941 786 modestia
973 743 1054 801 opus
1083 731 1131 785 est
1159 728 1206 799 ei,
1231 727 1289 802 qui
1312 725 1421 784 denuo

334 832 559 907 quaestionem
582 831 623 889 de
644 831 855 890 Antisthenis
877 832 1008 906 scriptis
1024 833 1196 889 instituere
1211 833 1295 891 vult.
1317 832 1421 903 Quem

334 936 478 996 laborem
500 939 526 994 si
549 936 675 996 absolvi
698 955 790 1013 posse
813 938 873 996 hoo
897 937 1010 996 libello
1034 941 1198 1012 putarem,
1221 941 1421 1014 susciperem

334 1059 417 1102 onus
443 1042 579 1102 tortasse
605 1043 706 1102 nimis
726 1060 823 1117 grave
846 1042 994 1101 humeris
1017 1045 1111 1111 meis3
1134 1043 1191 1102 sed
1213 1062 1271 1119 pro
1293 1045 1422 1103 viribus

334 1150 417 1207 meis
438 1166 507 1208 rem
531 1168 638 1224 agam,
661 1150 742 1209 ‹imn
764 1169 858 1226 spero
880 1150 951 1209 fore
969 1155 1005 1208 ut
1023 1151 1132 1209 studia
1148 1169 1220 1209 mea
1235 1152 1316 1210 utile
1332 1153 1422 1227 quio-

334 1271 431 1330 quam
464 1255 605 1317 offerant
637 1257 738 1316 simul
773 1275 965 1332 persuasum
997 1256 1101 1315 habeo
1133 1257 1219 1316 nihil
1255 1275 1323 1316 esse
1355 1263 1422 1316 tam

334 1359 485 1434 difficile,
519 1380 617 1439 qnam
650 1365 686 1421 in
719 1363 939 1439 plurimorum
968 1364 1143 1422 sententiis
1170 1362 1422 1439 persequendis,

333 1467 579 1543 eorundemque
589 1469 819 1527 controversiis
831 1468 1057 1543 dijudicandis
1068 1468 1108 1527 ab
1121 1469 1274 1526 omnibns
1282 1466 1422 1543 probari.

376 1571 451 1631 Non
478 1576 589 1631 omnia
611 1576 731 1649 scripta
753 1573 963 1633 Antisthenis
985 1580 1121 1633 tractare
1144 1573 1226 1632 mihi
1251 1575 1420 1632 inanimo

334 1686 391 1738 est.
426 1678 533 1738 Simul
557 1679 673 1738 utilius
696 1686 727 1738 et
749 1680 878 1739 viribus
901 1683 982 1739 meis
1005 1681 1109 1754 magis
1135 1678 1417 1738 accommodatum

336 1785 420 1843 mihi
451 1785 626 1844 videbatur
654 1785 815 1861 quaedam
837 1785 991 1860 seligere,
1026 1785 1209 1863 dequibus
1236 1785 1419 1843 accuratius

336 1891 551 1966 inquirerem;
583 1909 619 1949 ea
648 1893 750 1963 igitur
779 1890 947 1949 tractanda
974 1892 1076 1949 sumsi
1106 1890 1147 1948 de
1176 1891 1296 1967 quibus
1329 1893 1419 1963 puta-

335 1994 410 2053 bam
432 1994 543 2071 aliqua
564 2012 638 2053 cum
664 1994 893 2069 probabilitate
916 1994 1077 2070 disputari
1101 2013 1203 2070 posse.

376 2100 480 2171 Quam
502 2103 727 2177 quaestionem
750 2102 795 2160 ita
817 2103 1003 2173 instituam,
1027 2108 1063 2160 ut
1084 2104 1229 2178 primum
1249 2102 1290 2161 de
1306 2101 1424 2160 studiis

335 2206 506 2265 rhetoricis
538 2224 648 2280 agam,
682 2206 803 2283 quibus
831 2224 993 2265 summam
1027 2207 1124 2266 dabat
1160 2225 1290 2283 operam
1327 2207 1423 2266 Anti-

335 2305 483 2383 sthenes,
516 2312 595 2370 dein
627 2313 738 2387 paucis
770 2313 811 2370 de
834 2314 1102 2387 interpretatione
1124 2312 1299 2372 Homerica
1324 2315 1424 2388 scrip-

335 2419 442 2494 tisque
475 2416 662 2476 Homericis
693 2417 865 2490 disseram,
903 2425 973 2477 tum
1000 2421 1173 2494 praecipue
1202 2419 1242 2477 de
1267 2419 1366 2478 Aiace
1392 2424 1425 2477 et

336 2521 435 2581 Ulixe
477 2523 785 2596 declamationibus,
828 2541 910 2600 qnae
948 2524 1009 2582 sub
1047 2523 1257 2583 Antisthenis
1289 2526 1424 2582 nomino

336 2628 615 2687 circumferuntur
629 2634 661 2687 et
675 2635 829 2706 tanquam
847 2628 1026 2689 rhetoricae
1037 2631 1116 2688 artis
1128 2636 1160 2687 et
1172 2627 1423 2688 Homerioorum

336 2735 522 2794 studiorum
545 2735 696 2809 exempla
711 2735 861 2794 habenda
877 2742 969 2807 sunt,
985 2735 1168 2807 ostendam,
1181 2736 1262 2811 quid
1274 2737 1423 2794 sentiam.

377 2839 426 2896 Ao
453 2841 597 2914 primum
624 2840 759 2915 quidem
782 2841 928 2900 indicem
951 2860 969 2899 a
995 2840 1142 2914 Diogene
1165 2840 1292 2900 Laertio
1318 2859 1423 2899 serva-

338 2950 408 3003 tum
442 2946 703 3017 consideronms,
739 2947 772 3003 in
805 2964 869 3022 quo
903 2946 1020 3005 haecce
1048 2964 1143 3021 opera
1169 2947 1313 3005 indicata
1337 2951 1423 3006 sum.

338 3050 601 3121 Observationes,
635 3050 755 3125 quibus
783 3051 899 3124 ingens
927 3067 1085 3108 uumerus
1112 3051 1286 3109 titulorum
1313 3051 1421 3110 laeum

338 3155 407 3226 dat,
434 3156 468 3212 iu
491 3160 601 3212 nostra
622 3156 811 3229 «paraestinae
834 3155 970 3213 sortasse
992 3154 1133 3213 alicuius
1154 3162 1230 3213 sunt
1253 3159 1423 3215 momenti.

339 3259 445 3317 Scatet
467 3259 569 3318 iudex
584 3260 695 3332 vitiis,
721 3260 801 3318 adeo
821 3277 915 3334 saepe
938 3262 1129 3335 inquinatus
1150 3266 1199 3319 est
1214 3261 1423 3321 librariorum

339 3366 521 3434 meridiani
537 3367 571 3423 iu
587 3366 728 3438 singulis
743 3366 1095 3441 propertiodnmtitulis
1110 3367 1211 3425 lector
1225 3366 1423 3429 oll'emlatur:

338 3489 410 3529 raro
443 3473 543 3545 igitur
575 3472 681 3531 titulis
714 3472 807 3546 ipsis,
836 3474 893 3529 vix
923 3471 1146 3530 divisionibus
1176 3472 1276 3531 fidem
1305 3473 1424 3532 habere

339 3593 520 3650 possumus.
564 3577 743 3634 Emunerat
766 3576 929 3649 Diogenes
952 3574 989 3635 ta
1011 3578 1125 3634 titulos
1140 3579 1175 3634 iu
1192 3578 1304 3636 decem
1320 3584 1425 3636 tomos

339 3680 491 3753 digestos,
505 3699 586 3757 quae
602 3682 801 3753 distribut-io,
817 3688 852 3739 ut
863 3687 947 3739 recte
960 3681 1101 3739 Mueller
1109 3683 1232 3759 aliique
1242 3685 1423 3753 observant,

338 3806 405 3846 non
427 3790 467 3847 ab
489 3789 688 3848 Antisthene
711 3791 780 3864 ipso
803 3788 886 3847 sacta
908 3796 965 3848 est.

384 3896 408 3971 ¹)
431 3895 552 3954 'Pontus
576 3896 601 3954 Ῑ.
650 3894 676 3954 l.
698 3899 767 3981 περὶ
790 3892 906 3969 λέξεως
929 3894 946 3969 ἢ
968 3900 1039 3983 περὶ
1062 3899 1280 3983 χαρακτὴρων·

642 3999 670 4060 2.
695 3999 774 4074 Αἴας
795 4000 814 4075 ἢ
838 4000 975 4076 Αἴαντος
996 4001 1110 4087 λόγος·

373 4267 392 4330 ¹)
428 4269 539 4314 Sumtus
554 4281 610 4314 sum
630 4267 721 4314 (fobert
739 4267 891 4315 editionem.
925 4266 1024 4330 Τόμους
1042 4267 1223 4315 mmuluaucos
1240 4268 1353 4326 colicos,
1372 4268 1388 4314 i.
1403 4284 1425 4315 e.

340 4357 473 4415 „eiuueluc
501 4356 725 4419 l’apyrusrollcu’';
743 4355 852 4416 (ltlass.)
870 4356 960 4402 (locem
983 4355 1063 4402 inisse
1079 4363 1182 4417 praeter
1196 4356 1266 4415 lliog.
1278 4356 1363 4404 laert.
1375 4362 1424 4403 tes-

340 4452 432 4494 taumi-
451 4447 521 4493 Suid.
541 4462 563 4494 v.
581 4444 654 4496 ’Λντὶ
673 4445 748 4503 οὗτος
766 4443 905 4509 συνέγραψε
924 4450 1017 4508 τόμους
1035 4443 1102 4493 «ileu.
1131 4444 1246 4493 Euilm‘ia
1265 4461 1289 4507 p.
1307 4448 1346 4494 oti.
