3524 5362
410 623 438 699 ς)
452 589 545 679 ἔργῳ·
579 594 623 658 Τὸ
647 598 704 675 μὶν
723 594 780 660 οὖν
803 600 892 677 σῶμα
913 603 971 663 τού
993 597 1173 686 Ἀχιλλίως
1194 601 1321 682 ἐκόμισα
1344 602 1404 677 ἐγὼ
1424 604 1538 687 φέρων,

450 698 489 761 τὰ
522 694 553 763 δὲ
586 699 673 765 ὅπλα
705 697 774 773 ὅδε,
806 705 1014 787 ἐπιστάμενος
1043 709 1090 769 ότι
1122 706 1159 769 ού
1187 711 1251 770 τῶν
1276 706 1388 773 ὅπλων
1409 706 1539 789 μᾶλλον

451 806 627 883 ἐπεθύμουν
649 809 678 871 οἱ
702 814 809 894 Τριῖιες
831 809 919 875 ιἰλλὰ
941 819 997 875 τοῦ
1015 819 1126 896 νεκροῦ
1149 822 1309 901 κρατῆσαι·
1332 821 1388 879 τοῦ
1403 818 1460 896 μέν
1474 815 1537 901 γὰρ

451 914 474 975 εἶ
506 913 694 999 ἐκράτησαν,
729 914 880 1002 ρ’κίσαντό
911 945 942 982 τε
976 916 1016 982 ἂν
1048 921 1085 983 τὸ
1115 924 1203 1000 σῶμα
1230 920 1336 984 καὶτὰ
1360 918 1461 1004 λύτρα
1482 920 1539 985 τού

446 1016 603 1104 Ἕκτορος
624 1021 826 1101 ἐκομίσαντο·
850 1022 888 1085 τὰ
911 1019 942 1088 δὲ
965 1021 1052 1087 ὅπλα
1074 1020 1146 1089 τόδε
1169 1025 1227 1090 υύκ
1248 1023 1288 1088 ἂν
1303 1023 1456 1090 ἆυίθεσαυ
1470 1034 1538 1100 τοῖς

408 1108 437 1190 ⁸)
451 1126 539 1199 θεοῖς
561 1123 636 1188 ἀλλ’
658 1125 849 1214 ἀπέκρυψαν,
872 1124 1008 1204 δεδιότες
1029 1126 1120 1195 τόνδε
1143 1132 1200 1194 τὸν
1223 1129 1349 1214 ἀγαθὸν
1371 1126 1481 1219 ἄνδρα,
1500 1132 1539 1206 ὃς

452 1234 499 1294 καὶ
520 1232 677 1315 πρότερον
699 1233 911 1320 ἱεροσυλήσας
933 1235 1037 1298 αὐτῶν
1059 1236 1095 1299 τὸ
1111 1234 1239 1321 ίίγαλμα
1255 1246 1311 1311 τῆς
1326 1239 1401 1301 θεοῦ
1418 1240 1538 1323 νύκτωρ

451 1338 555 1425 ὥσπερ
577 1365 605 1402 τι
623 1336 724 1403 καλὸν
735 1340 952 1426 ἐργασόμενος
964 1336 1159 1405 ἐπεδείκνυτο
1174 1351 1243 1416 τοῖς
1265 1341 1420 1429 Ἀχαιοῖς·
1450 1343 1538 1429 κᾶγιῗι

449 1449 505 1525 μὲν
534 1443 610 1518 ἀξιῶ
638 1443 753 1531 λαβεῖν
778 1446 820 1512 ἵν’
847 1444 958 1513 ιἰποδῶ
980 1450 1017 1512 τὰ
1041 1447 1128 1514 ὅπλα
1152 1457 1222 1524 τοῖς
1243 1449 1366 1534 φίλοις,
1389 1452 1484 1525 οὗτος
1506 1447 1538 1515 δὲ

449 1550 491 1616 ἵν’
513 1547 688 1623 ιἰποδιῖιται,
710 1555 772 1617 ἐπεὶ
790 1557 932 1640 χρῆσθαί
943 1581 978 1639 γε
991 1554 1101 1629 αὐτοῖς
1116 1555 1174 1619 υῖικ
1186 1554 1226 1618 ἂν
1238 1553 1417 1636 τολμήσειε·
1433 1552 1539 1632 δειλὸς

451 1658 514 1746 γὰρ
547 1654 651 1733 οὐδεὶς
691 1658 731 1723 ἂν
763 1661 927 1739 ἐπισήμοις
957 1658 1074 1735 ὅπλοις
1097 1663 1272 1747 χρήσαιτο,
1299 1658 1390 1736 εἰδὼς
1413 1666 1458 1726 ὅτι
1481 1664 1539 1738 τήν

453 1757 573 1827 δειλίαν
594 1765 691 1828 αὐτοῦ
713 1765 846 1849 ἐκφαίνει
868 1765 906 1828 τὰ
930 1764 1027 1830 ὅπλα.

410 1856 437 1932 ⁴)
495 1864 619 1955 Σχεδὸν
639 1874 695 1953 μὲν
718 1871 776 1934 οὖν
796 1872 880 1935 ἐστιν
902 1871 1026 1937 ἅπαντα
1049 1874 1149 1953 ὅμοια.
1182 1872 1212 1934 οἵ
1241 1898 1272 1935 τε
1299 1872 1362 1960 γὰρ
1388 1869 1539 1957 βασιλεῖς

484 2021 508 2073 'l
542 2024 610 2074 ἀλλὰ
628 2028 673 2074 τοῦ
693 2025 721 2074 B.
739 2030 764 2073 et
785 2028 819 2087 S„
837 2024 896 2075 ἀλλ’
914 2025 930 2085 ἢ
949 2027 995 2073 τοῦ
1013 2025 1039 2072 in
1058 2024 1118 2072 libr.
1135 2052 1166 2061 —
1184 2023 1311 2075 ἀνέθεσαν
1329 2026 1357 2074 C.
1370 2026 1395 2076 J.
1409 2027 1444 2076 Μ.
1454 2026 1486 2077 Ν.
1495 2027 1538 2087 X.‚

451 2112 580 2173 ἀνέθηκαν
599 2115 688 2178 Sieplr.
708 2115 768 2163 llsk.
785 2143 818 2150 -
836 2115 918 2175 τόνδε,
937 2115 1025 2172 τόντες
1044 2114 1072 2162 Ο.

481 2200 505 2263 ³)
540 2205 626 2252 αὐτῶν
652 2205 680 2253 τὸ
707 2204 748 2269 ἀγ.
775 2205 803 2253 (l.
827 2203 852 2252 J.
871 2204 907 2255 M.
925 2204 965 2264 N„
983 2205 1063 2254 αὑτὸν
1080 2218 1118 2267 pr.
1137 2204 1170 2252 X.
1188 2203 1310 2266 (corr.¹),
1336 2206 1419 2267 αὐτῆς
1437 2205 1538 2270 steph„

450 2293 538 2350 αὐτοῖς
559 2293 619 2344 ΙίιιΙε.

482 2380 505 2442 ⁴)
540 2381 631 2445 λαβεῖν
641 2388 726 2432 uuctl.
747 2383 836 2447 Steplr.
848 2388 877 2431 et
896 2383 984 2442 Paris„
1000 2380 1092 2445 λαβὼν
1111 2383 1180 2444 vulg.
1198 2408 1229 2418 —
1250 2383 1331 2442 οὐδεὶς
1343 2384 1377 2434 ἂν
1387 2400 1437 2434 ern.
1450 2386 1479 2434 (l.
1489 2385 1533 2435 ιῖν.

486 2644 511 2709 ²)
545 2649 574 2697 τὸ
596 2651 644 2713 μὲν
665 2650 712 2699 ούν
732 2654 864 2714 σῶμα...
891 2651 922 2698 τὰ
939 2650 964 2699 δὲ
992 2657 996 2719 Ι
1053 2649 1078 2712 ⁸)
1112 2652 1152 2699 καί
1179 2651 1304 2715 πρότερος
1321 2651 1486 2715 ἱεροσυλήσας
1503 2679 1535 2686 -

454 2737 525 2787 ὅπλα
542 2764 573 2774 -
590 2738 624 2787 ef.
639 2738 716 2787 Hom.
726 2738 774 2786 οι1.
784 2738 806 2785 V
817 2754 852 2788 vs.
862 2741 909 2785 309
919 2753 965 2800 sq..

453 2828 554 2876 Aretin.
563 2828 591 2875 in
599 2827 758 2890 Aethioplr.
767 2829 789 2877 4.
799 2827 833 2877 ef.
843 2828 924 2876 schel.
932 2827 965 2875 url

455 2917 535 2966 Arist.
557 2916 794 2979 Eq.10ll5‚Pr0cl.
821 2917 965 2965 Chrestom.

455 3021 479 3070 p.
489 3007 534 3055 481
552 3033 584 3042 -
598 3007 625 3054 irr
635 3007 705 3055 hicce
715 3007 834 3055 omnibus
844 3011 966 3055 narratur

454 3096 517 3144 Aias
533 3096 624 3144 tulisse
641 3095 754 3144 Achillis
768 3111 876 3160 cerpur5
896 3097 965 3160 apud

456 3187 535 3250 Soph.
546 3187 612 3235 Phil.
621 3188 677 3245 373,
688 3187 763 3235 Ovirl.
774 3187 879 3235 lletem.
887 3185 965 3235 XlIl.

455 3279 511 3337 284,
538 3278 566 3335 Q.
585 3276 641 3325 cal.
662 3276 744 3324 l‘arol.
761 3275 792 3324 V.
809 3277 856 3323 286
876 3274 966 3323 Ulixes

454 3372 542 3417 servat
559 3382 652 3431 corpus
667 3371 695 3415 ct
712 3380 792 3413 orme.

487 3459 555 3507 ἀλλὰ
581 3464 638 3521 ρειαί
662 3456 766 3522 μᾶλλον
789 3453 964 3502 anacoluthon

454 3563 507 3597 non
525 3561 629 3612 prorsus
644 3545 809 3605 incognitum
826 3543 875 3605 (el.
889 3542 965 3591 lseer.

454 3637 489 3685 ud
506 3636 604 3685 Nicocl.
622 3649 647 3698 p.
665 3636 695 3681 23
716 3632 744 3682 13.
760 3634 835 3695 cet.);
861 3629 965 3691 ἁλλ’ἣε

454 3725 522 3788 quod
540 3725 625 3774 estin
648 3722 734 3778 libris,
760 3721 825 3770 ferri
847 3736 901 3770 ιιοιι
922 3735 965 3783 po-

453 3820 512 3865 tcsl.
529 3817 654 3878 κρατῆσαι
669 3827 720 3861 non
735 3811 814 3860 debet
829 3825 964 3874 perperam

452 3919 508 3954 csse
526 3903 679 3952 odilitumc
702 3901 869 3963 sequentibus
892 3900 965 3962 (·τοῡ

449 3992 564 4060 μὲνγὰρ
586 3991 608 4042 εί
624 3991 790 4055 ἐκρότησαν),
807 3992 844 4039 sic
863 3989 965 4053 saepius

452 4085 480 4133 iu
498 4085 569 4133 hicce
586 4081 718 4146 opusculis
734 4080 807 4129 brevi
824 4080 964 4128 intervallo

452 4173 542 4222 euclem
563 4172 641 4221 verba
657 4171 788 4219 iterantur
806 4169 854 4231 (cf.
873 4168 964 4229 infru).

453 4263 538 4312 Notus
557 4275 660 4324 quoque
677 4259 719 4308 hie
737 4274 797 4307 urus
813 4258 884 4321 apud
901 4257 963 4305 Ger·

452 4354 521 4414 giam
540 4354 588 4416 (cl.
605 4352 679 4400 Heli:
697 4349 752 4398 licor
769 4348 793 4398 ol
812 4347 888 4404 όσους
906 4348 964 4411 περὶ

454 4444 531 4494 όσων.
542 4480 548 4492 .
558 4481 564 4493 .
574 4446 599 4506 .)
619 4443 736 4503 aliosque
753 4440 902 4502 scriptores.

1022 2740 1100 2788 Varie
1117 2741 1231 2788 traditur
1242 2744 1290 2788 aut
1303 2742 1373 2789 selus
1385 2741 1476 2791 Ulixes
1486 2748 1534 2790 cul

1023 2842 1150 2877 unacum
1171 2828 1293 2877 Diomede
1312 2829 1422 2877 l‘ullurlii
1433 2830 1533 2877 lurtum

1023 2922 1195 2981 perpetuum
1219 2918 1261 2979 (cf.
1279 2932 1345 2979 quoe
1362 2918 1419 2965 dixi
1435 2918 1468 2966 orl
1486 2918 1533 2968 Od.

1023 3008 1046 3066 3,
1064 3007 1097 3069 7.)
1115 3008 1148 3056 ef.
1168 3007 1242 3055 ovio.
1260 3022 1297 3055 vs.
1315 3009 1346 3056 99
1365 3023 1402 3069 sq.

1056 3098 1187 3147 αὐτῶντὸ
1209 3097 1314 3161 ιῖγσλμα
1331 3098 1447 3160 plerique
1469 3097 1534 3146 dunt

1023 3186 1147 3246 erili-orec
1160 3201 1193 3234 uu
1207 3186 1269 3236 αὐτὸ
1283 3188 1311 3237 τὸ
1324 3187 1438 3252 ἅγαλμαι
1450 3187 1532 3250 ipsam

1023 3276 1087 3324 (lure
1102 3276 1233 3324 statuam?

1055 3362 1146 3429 ἐγὼ...
1186 3363 1321 3414 ’ῖνίὶποδώ
1346 3392 1377 3401 -
1404 3363 1479 3422 οὗτος
1509 3364 1533 3414 δὲ

1021 3452 1189 3503 ’ἶν’ἀποόῶται
1198 3481 1229 3489 -
1238 3453 1344 3503 difficile
1353 3454 1445 3517 opinor
1453 3454 1534 3512 (lietu,

1022 3559 1145 3606 (prorsum
1168 3545 1320 3607 premiorum
1337 3543 1404 3591 illurl
1424 3548 1533 3607 spectet.

1023 3635 1144 3683 Fortasse
1160 3640 1253 3683 auctor
1271 3634 1303 3683 ‹le
1320 3648 1366 3682 uuo
1383 3634 1455 3682 Aiuci
1474 3633 1533 3681 sub·

1021 3722 1097 3784 jecit,
1126 3730 1156 3769 ut
1184 3723 1228 3770 illc
1257 3727 1361 3785 praeter
1385 3723 1533 3784 ignavium,

1022 3812 1147 3876 pecuum
1164 3827 1267 3874 quoque
1279 3811 1435 3860 aviditatem
1446 3810 1533 3859 Ulixis

1021 3907 1148 3965 curreret.

1054 3993 1133 4041 αὐτοῦ
1151 3990 1260 4055 ἐκφαίνει
1277 3992 1311 4040 τὰ
1323 3990 1393 4039 ὅπλα
1405 4017 1436 4026 -
1446 3989 1534 4037 hiatus

1022 4081 1189 4142 gravissimus
1211 4080 1287 4131 inest.
1314 4080 1348 4128 ef.
1368 4079 1534 4129 Bensclerum

1021 4185 1046 4233 p.
1055 4173 1109 4218 luo.
1122 4171 1212 4233 Siquis
1218 4170 1327 4219 fortusse
1334 4170 1460 4230 corrigere
1466 4170 1533 4228 vult,

1021 4259 1099 4308 facile
1122 4274 1167 4322 pre
1186 4260 1265 4309 αὐτοῦ
1284 4259 1335 4317 legi
1352 4263 1441 4321 potest
1458 4259 1533 4308 αὐτὰ.

1053 4347 1078 4410 ⁴)
1112 4348 1185 4411 lipom
1202 4363 1252 4398 see.
1271 4348 1350 4397 Bless.
1368 4348 1422 4410 (cd.
1442 4347 1468 4408 l)
1480 4362 1532 4396 non

1022 4452 1130 4495 sanum
1161 4437 1268 4486 difficile
1299 4452 1361 4485 sane
1390 4435 1532 4499 explicatu.
