3796 5430
922 443 959 507 31

398 627 467 685 vim
489 627 646 686 acriorem
668 627 764 687 addat
788 629 968 687 enuntiatis
989 631 1070 694 suis;
1093 630 1204 687 urinas
1219 630 1308 688 enim
1324 628 1487 689 efficacem

398 748 436 791 ea
463 731 615 791 habitura
634 735 702 792 vim
726 734 868 809 potabat,
889 737 916 792 si
941 736 976 792 in
999 735 1205 810 proferendis
1228 736 1268 795 iis
1291 735 1422 807 vtrlmuo
1444 742 1488 794 at·

399 854 463 915 que
491 838 671 896 cottidiano
698 856 848 898 sermone
870 846 1024 899 uteretur.
1049 843 1225 926 Γοργιείοις·
1239 842 1378 927 σχήμασι
1394 842 1485 917 (puni

398 944 613 1017 obsignantur
634 941 751 1017 Cynici
773 947 954 1003 sententiae
976 952 1006 1002 et
1029 944 1278 1004 adhortationes.

539 1103 609 1169 DE
641 1103 870 1171 PRODICO
904 1105 966 1177 ET
993 1104 1340 1172 AN'l‘tsl'illeJ.

441 1257 533 1318 Licet
575 1261 660 1317 inter
699 1259 909 1318 Antisthenis
950 1264 1172 1335 praecept-ores
1211 1260 1298 1319 haud
1332 1261 1488 1320 ultimant

401 1365 509 1424 loeum
529 1367 673 1423 tenuerit
690 1363 857 1437 Prodicus,
873 1364 914 1423 de
930 1365 1124 1441 philosopho
1139 1364 1204 1424 Ceo
1219 1352 1389 1442 perpaucis
1405 1368 1487 1425 mihi

400 1470 564 1545 agendam
592 1478 654 1541 est,
677 1472 798 1546 quippe
821 1472 916 1529 cirins
937 1488 1033 1547 opera
1054 1488 1185 1547 prorsus
1207 1474 1372 1547 perierint..
1395 1472 1488 1531 (huia

400 1578 511 1654 itaque
533 1576 657 1637 indicia
679 1578 830 1635 invenire
855 1578 950 1635 nobis
973 1595 1038 1636 non
1062 1577 1189 1649 licebit,
1212 1579 1333 1655 quibus
1355 1580 1489 1638 ‹lernou-

400 1687 556 1755 stremus,
592 1691 753 1760 quatenus
788 1683 951 1760 quibusve
987 1685 1021 1741 in
1055 1684 1152 1744 rebus
1175 1683 1303 1743 Prodici
1329 1687 1487 1745 nationem

401 1788 534 1848 dicendi
571 1789 785 1847 Antisthenes
820 1794 950 1848 secutus
981 1791 1033 1849 sit.
1080 1788 1374 1849 verumenimvero
1405 1793 1490 1849 inter

401 1910 456 1952 eos
485 1895 588 1955 fuisse
609 1896 881 1955 consuetudinem
906 1895 1091 1971 Xenophon
1113 1906 1230 1955 narrat.
1263 1895 1378 1955 Jocose
1399 1899 1488 1955 enim

402 1998 547 2060 Socrates
563 1999 678 2078 (Oouv.
691 1998 748 2060 IV.
761 1998 815 2075 62)
828 2001 1061 2061 diuisi-lienem
1078 2002 1245 2073 lenocinii,
1256 2007 1490 2088 προαγωγείας.

403 2109 539 2179 incusat,
561 2108 649 2185 quod
663 2106 837 2166 Prodicum
851 2119 882 2167 et
894 2107 1052 2183 Hippiam
1066 2106 1188 2167 (hilline
1200 2108 1489 2167 eommendmerit.

403 2210 532 2272 Nomen
565 2213 712 2286 Prodici,
744 2230 809 2290 quo
842 2230 938 2271 nerito
959 2214 1143 2299 σοφώτερος
1166 2214 1305 2273 Socratis
1327 2216 1489 2287 rittigister,

403 2319 552 2377 omnium
586 2320 622 2377 iu
653 2335 706 2377 ore
738 2324 770 2377 et
801 2318 890 2377 faura
921 2325 998 2378 erat.
1041 2318 1144 2390 Quam
1177 2320 1313 2391 gloriam
1349 2322 1490 2378 maxime

402 2424 540 2500 adeptus
569 2430 617 2483 est
648 2426 909 2498 egrarnmaticis
930 2425 1058 2484 stauliis.
1099 2424 1285 2484 Orationem
1327 2425 1491 2497 eleganter·

403 2530 539 2608 quidem
572 2529 715 2602 limavit,
753 2531 852 2589 verba
888 2549 961 2589 cum
1001 2548 1077 2589 eura
1115 2531 1291 2607 disposuit,
1323 2532 1378 2589 sed
1412 2530 1490 2591 (lor-

402 2637 532 2709 gianam
559 2634 586 2714 2)
622 2638 783 2695 sermonis
818 2637 1053 2696 abundantiam
1093 2637 1257 2695 modende
1301 2637 1490 2696 aulhihuisse

404 2743 548 2802 videtur:
593 2742 763 2819 Imprimis
799 2746 833 2802 in
866 2743 1051 2803 detinendis
1083 2744 1255 2803 verborum
1278 2743 1491 2819 potestatibus

403 2855 615 2926 scelerateque
652 2855 848 2923 synonymis
883 2851 907 2927 ¹)
945 2850 1189 2923 distinguendis
1223 2850 1409 2908 elabormit.
1443 2850 1490 2905 sie

404 2955 496 3014 verbi
532 2971 626 3014 causa
663 2950 783 3029 ἡδονὴν
821 2971 930 3013 vocem
965 2954 1074 3029 plures
1107 2956 1140 3012 iu
1173 2956 1323 3013 notiones
1354 2953 1489 3011 dividit:

405 3060 521 3146 χαρὰν,
543 3062 660 3147 τέρψιν,
684 3061 885 3146 εὐφροσύνην
908 3067 966 3119 cet.
990 3060 1104 3135 (Arist.
1127 3058 1204 3133 Pop.
1230 3059 1261 3116 ll
1287 3056 1333 3133 c),
1356 3058 1396 3115 de
1413 3076 1490 3115 voce

405 3163 508 3240 Strong
518 3164 649 3225 disserit
661 3163 762 3240 (Prot.
775 3162 834 3224 2⁰5
848 3164 888 3222 H.
906 3182 935 3239 p.
951 3163 1009 3223 212
1022 3164 1083 3239 sq.)
1095 3196 1135 3205 -
1149 3162 1307 3238 llxotnpla
1319 3162 1490 3221 Prodit-em·

405 3269 619 3355 καλλιλογίας
641 3270 727 3345 apitd
753 3269 920 3327 Platonem
938 3268 1117 3344 pullulant,
1134 3267 1234 3344 (Prot.
1247 3267 1305 3325 205
1322 3267 1369 3337 li,
1382 3267 1440 3325 ‘212
1452 3268 1489 3325 d.

405 3373 535 3435 Obarm.
557 3373 616 3437 239
639 3374 691 3452 G.)
714 3375 769 3435 sed
792 3375 1027 3434 atteiidendum
1050 3380 1095 3433 est
1120 3373 1293 3432 Prodicum
1316 3392 1334 3431 a
1359 3373 1491 3432 Platone

404 3483 534 3557 saepius
553 3480 699 3539 ludibrio
716 3481 843 3552 haberi,
855 3483 883 3557 ³)
900 3498 1002 3556 <partim
1016 3479 1159 3553 sophista
1170 3481 1200 3537 ei
1214 3479 1379 3536 virleretur
1393 3480 1491 3537 inter·

405 3586 485 3646 dum
515 3588 548 3646 in
577 3589 751 3648 ridiculam
785 3590 1000 3647 subtilitatem
1024 3588 1201 3653 incidisse;
1223 3592 1391 3646 nectameu
1416 3587 1488 3645 licet

406 3694 484 3753 iude
516 3696 710 3755 concludere.
744 3695 873 3754 Prodici
905 3695 1115 3763 erarnmatica
1148 3694 1354 3767 potissimum
1383 3692 1492 3751 simlia

411 3845 649 3857 -——-

438 3925 462 3991 ι)
497 3929 553 3992 περὶ
571 3927 705 3990 ὀνομάτων
722 3924 862 3988 ὀρθότητος
874 3922 908 3972 cf.
927 3921 990 3968 l'lat.
1008 3918 1136 3981 Euthyd„
1152 3933 1176 3982 p.
1190 3919 1237 3966 277
1251 3918 1352 3969 1¹)..th
1372 3916 1401 3965 E.
1420 3918 1493 3967 (frat,

406 4032 431 4082 p.
448 4020 495 4066 384
514 4018 545 4066 13.
573 4017 669 4079 ltaque
685 4012 822 4071 distimrnit
843 4012 912 4059 inter
924 4009 1025 4067 κοινούς
1036 4016 1062 4056 et
1076 4009 1156 4065 icore,
1176 4008 1345 4071 ἀμφωβηηῖν
1356 4013 1380 4055 et
1394 4008 1492 4071 iptio»,

406 4106 546 4173 rhdoaetpeiv
563 4112 592 4155 ct
609 4105 777 4155 ἐπαινεῖσθαι.

437 4194 462 4259 ¹)
498 4196 592 4255 itiam,
610 4209 634 4258 p.
648 4197 675 4242 :ll
691 4196 754 4242 nti
768 4194 824 4241 iure
839 4190 974 4238 eonhemlit
988 4189 1102 4250 aliquam
1113 4194 1184 4236 certe
1194 4188 1371 4237 imitationem
1382 4188 1494 4247 (impiae

405 4286 563 4350 deprehendi
582 4286 609 4333 in
628 4284 696 4333 ch.
715 4284 792 4331 ilem.
811 4281 847 4331 ΙΙ.
868 4284 888 4339 l,
906 4282 945 4328 33.
963 4282 1002 4326 tlt.

438 4374 463 4438 ⁸)
498 4376 542 4424 Ita
559 4374 715 4439 perstrinxit
738 4372 856 4435 ineptum
877 4369 931 4417 eius
951 4368 1067 4415 stantium
1089 4367 1162 4415 l'lato
1183 4366 1284 4415 l'rotae.
1304 4368 1351 4411 352*
1372 4368 1402 4413 Α.
1424 4366 1494 4415 h.-

408 4466 505 4515 lleuou
523 4479 548 4528 p.
566 4466 597 4513 ῒῦ
615 4490 646 4499 -
664 4463 768 4511 t'hann.
785 4476 810 4525 p.
830 4460 883 4509 163.
