3524 5362
837 448 875 510 12

316 631 406 689 derat
438 634 470 688 et
491 629 644 689 docuerat
666 649 715 690 res
738 649 805 690 esse
828 631 922 702 tales,
945 630 1057 707 quales
1079 630 1199 705 cuique
1221 644 1289 686 esse
1312 626 1401 684 vide-

316 743 443 807 rentur,
476 753 593 812 easque
626 754 695 795 esse
725 743 757 795 et
779 754 845 795 non
868 755 950 808 esse,
973 754 1014 794 ex
1035 734 1252 810 praeceptoris
1274 732 1402 807 placitis

317 842 388 898 iure
410 858 468 900 suo
490 840 632 899 efficeret
653 841 831 901 contradici
854 859 920 899 non
943 857 1043 916 posse.

358 946 461 1016 Quam
489 949 648 1005 rationem
673 945 889 1005 Antisthenes
912 962 1056 1023 quoque,
1079 944 1299 1004 Eleaticorum
1314 945 1402 1018 prin·

316 1053 403 1126 cipis
441 1052 482 1111 de
518 1053 644 1110 unitate
679 1068 789 1109 rerum
825 1048 1027 1127 Gorgiseque
1062 1049 1224 1126 paradoxa
1259 1054 1403 1120 secutus,

316 1161 455 1216 sectatus
486 1174 555 1217 esse
587 1162 619 1215 et
650 1156 877 1231 comprobasse
900 1155 1043 1224 videtur3
1065 1154 1155 1213 idem
1177 1171 1307 1231 quoque
1329 1171 1404 1212 con-

317 1259 466 1318 firmatur
486 1261 605 1335 placito
627 1260 837 1320 Antisthenis
854 1261 895 1319 de
910 1260 1082 1319 identitate
1097 1276 1180 1336 quac
1196 1258 1330 1318 dicitur:
1346 1261 1403 1323 τὸν

317 1369 431 1430 οἰκεῖον
452 1364 557 1452 λόγον
573 1366 599 1442 ¹)
622 1365 728 1425 solum
751 1366 791 1425 de
813 1383 1008 1443 unaquaque
1030 1384 1063 1424 re
1079 1365 1200 1437 valere,
1216 1367 1334 1442 cuique
1357 1366 1402 1423 rei

316 1489 409 1531 suam
431 1476 558 1530 tantum
581 1477 705 1531 exstare
728 1474 957 1548 proprietatem
979 1473 1076 1548 eique
1098 1471 1191 1547 plura
1212 1471 1313 1529 tribui
1337 1489 1403 1529 non

318 1580 427 1637 licere:
449 1596 514 1654 quo
536 1579 639 1652 igitur
660 1583 691 1637 et
709 1580 745 1643 τὸ
762 1577 937 1664 ἀντιλέγειν
952 1584 984 1637 et
999 1579 1036 1643 rh
1051 1573 1220 1661 ψεύδεσθαι
1236 1577 1403 1653 ῖοΙ]ἰοοτ.9)

318 1684 378 1743 Sed
411 1687 477 1742 iam
507 1685 585 1742 satis
615 1683 686 1742 dixi
709 1684 749 1743 de
772 1686 943 1761 utriusque
965 1684 1025 1743 hac
1048 1687 1083 1742 in
1105 1702 1139 1741 re
1161 1685 1403 1743 convenientia:

316 1793 344 1848 si
367 1792 593 1849 testimonium
615 1807 744 1867 quoque
766 1796 859 1849 vetus
871 1792 1054 1868 requiritis,
1076 1791 1203 1862 audite,
1222 1792 1302 1867 quid
1317 1791 1405 1850 dicat

318 1895 409 1954 Plato
432 1897 467 1952 in
490 1893 699 1969 Eutl‘rydemo
721 1913 750 1971 p.
770 1893 829 1956 286
852 1895 886 1957 (λ
909 1900 956 1962 καὶ
973 1899 1036 1984 γὰρ
1052 1900 1082 1961 οἱ
1094 1896 1170 1981 ἀμφὶ
1184 1898 1405 1983 Πρωταγόραν

317 1996 441 2087 σφόδρα
456 2003 599 2088 ἐχρῶντο
622 2002 707 2085 αὐτῷ
729 2002 785 2079 (se.
807 2007 851 2088 τῷ
872 2002 977 2088 λόγῳ)
1001 2008 1048 2067 καὶ
1071 2005 1101 2067 οἱ
1129 2003 1171 2069 ἔτι
1192 2002 1404 2088 παλαιότεροι.

317 2109 381 2189 ἐμοὶ
398 2103 428 2170 δὲ
451 2104 496 2170 ἀεὶ
518 2108 703 2188 θαυμαστός
723 2134 771 2181 τις
793 2103 876 2172 δοκεῖ
898 2109 975 2172 εἶναι
991 2113 1038 2172 καὶ
1053 2112 1130 2183 τούς
1147 2137 1177 2173 τε
1194 2106 1317 2182 ἄλλους
1332 2107 1405 2172 ἂνα-

317 2215 440 2292 τμίπων
451 2217 500 2277 καὶ
516 2215 614 2288 αὐτὸς
628 2214 734 2278 αὐτόν·
752 2214 836 2296 οἶμαι
852 2210 883 2280 δὲ
899 2215 995 2278 αὐτοῦ
1011 2216 1068 2289 τὴν
1084 2214 1235 2289 ἀλήθειαν
1245 2217 1331 2300 παρὰ
1346 2224 1405 2279 σοῦ

318 2316 485 2394 (Ctesippo
505 2319 563 2395 sc.)
577 2319 733 2384 κάλλιστα
753 2322 933 2384 πεύσεσθαι·
956 2318 1041 2384 ἄλλο
1062 2347 1089 2383 τι
1112 2317 1209 2402 ψευδῆ
1227 2319 1331 2406 λέγειν
1349 2322 1405 2385 οὐκ

317 2421 395 2492 ἔστα
427 2430 520 2488 τοῦτο
554 2426 617 2512 γὰρ
650 2421 778 2489 δύναται
810 2428 828 2489 ὁ
860 2424 980 2511 λόγος·
1002 2429 1019 2501 ἦ
1041 2427 1120 2512 γὰρ;
1152 2425 1250 2502 α’λλίἲ
1279 2426 1406 2511 λέγοντ’

316 2525 420 2603 ἀληθῆ
451 2528 556 2615 λέγειν
583 2529 604 2606 vi
626 2535 667 2613 μὴ
686 2528 809 2615 λέγειν;
830 2529 879 2590 Ac
902 2549 1017 2589 verum
1039 2549 1122 2602 csse,
1153 2532 1241 2608 quod
1263 2534 1405 2607 suspica-

317 2652 404 2708 mur,
432 2641 607 2713 utrumque
634 2637 761 2696 scilicet
787 2639 822 2694 in
845 2637 948 2709 libro,
977 2637 1092 2696 eodem
1125 2638 1222 2697 titulo
1247 2639 1404 2714 praedito,

317 2740 455 2800 eandem
470 2745 666 2802 sententiam
687 2743 923 2818 promulgasse,
946 2761 1021 2802 curn
1034 2762 1073 2801 ex
1087 2761 1216 2803 summa
1234 2745 1405 2821 utriusque

317 2845 377 2903 hac
410 2847 444 2904 in
466 2864 500 2904 re
521 2848 743 2906 similitudine
765 2852 838 2906 tum
861 2865 901 2906 ex
923 2848 987 2907 alia
1009 2864 1139 2925 quoque
1161 2866 1256 2908 causa
1278 2849 1405 2908 intelle-

315 2955 419 3024 getur.
452 2950 536 3010 Nam
568 2953 777 3013 Antisthenis
808 2953 893 3012 liber
918 2952 1068 3029 Ἀλήθεια
1094 2954 1258 3013 dialectici
1284 2959 1332 3012 est
1352 2971 1405 3028 ge·

318 3057 414 3127 neris,
451 3068 488 3116 ut
524 3061 635 3118 omnia
666 3061 749 3118 sexti
784 3060 964 3119 voluminis
1000 3063 1136 3135 scripta:
1170 3061 1247 3120 inde
1281 3079 1405 3119 novum

317 3164 403 3221 inter
426 3166 595 3241 utriusque
610 3165 797 3242 philosophi
814 3168 972 3242 scriptum
989 3167 1161 3225 vinculum
1177 3167 1404 3240 adstringitur,

317 3269 471 3327 novimus
492 3275 525 3328 et
546 3269 753 3344 Protagoram
764 3271 791 3347 ³)
808 3276 840 3329 et
854 3269 1088 3330 Antisthenern
1106 3289 1256 3345 magnam
1273 3289 1404 3346 operam

317 3374 520 3446 dialecticae,
552 3373 647 3451 (quae
680 3379 788 3435 omnis
819 3377 1016 3437 eruditionis
1048 3384 1095 3437 est
1128 3378 1285 3453 primaria
1316 3376 1404 3452 pars)

317 3480 456 3541 dedisse.

350 3714 369 3777 ι)
403 3715 445 3764 Cf.
465 3714 623 3776 Ueherweg:
642 3713 786 3761 Grundrisz
803 3714 850 3761 der
868 3712 959 3761 Gesch.
977 3712 1003 3760 d.
1023 3712 1123 3769 Philos,
1142 3727 1169 3776 p.
1189 3714 1242 3760 123.

348 3804 373 3867 ²)
407 3805 449 3854 cf.
467 3805 548 3853 Arist.
568 3804 687 3867 Metaon.
705 3802 750 3850 lv.
768 3805 810 3851 29:
828 3801 841 3849 d
860 3801 884 3850 δὲ
903 3801 997 3862 ψευδὴς
1014 3801 1093 3866 λόγος
1111 3801 1215 3858 οὐδενός
1232 3802 1301 3850 ἐστιν
1315 3799 1406 3859 ἁπλῶς

316 3898 403 3962 λόγος.
439 3895 476 3945 διὸ
513 3893 676 3954 Ἀντισθένης
701 3892 765 3959 ᾤετο
792 3891 889 3953 εὐήθως
913 3891 991 3956 μηδὲν
1024 3891 1103 3948 ἀξιῶν
1127 3891 1246 3956 λέγεσθαι
1271 3893 1344 3952 πλὴν
1369 3894 1408 3956 τῷ

318 3985 399 4051 οἰκείῳ
416 3985 488 4049 λόγῳ
504 3987 532 4034 ἓν
549 3982 652 4049 ἐφ’ένός.
670 3981 741 4040 ἐὲὦν
753 3981 891 4042 συνέβαινε
907 3981 1015 4046 μὴεῖναι
1032 3980 1190 4046 ἀντιλέγειν,
1208 3981 1300 4044 σχεδὸν
1311 3979 1404 4045 estante

317 4073 464 4141 ψεύδεσθαι.

325 4196 328 4203 ·
349 4161 371 4228 2)
406 4164 481 4212 Blase
505 4158 532 4213 ll.
559 4165 583 4224 1,
606 4180 631 4228 p.
653 4166 682 4212 24
710 4165 814 4213 locutus
838 4164 871 4213 de
894 4162 1020 4212 facundia
1039 4162 1209 4224 Protogenen,
1227 4161 1292 4209 haec
1309 4161 1407 4209 habet:

320 4256 381 4305 Dies
406 4255 441 4303 ist
464 4255 508 4304 die
534 4254 748 4318 Protagorcische
776 4253 912 4303 Dialektik
936 4253 989 4301 und
1018 4253 1132 4311 Eristik,
1149 4252 1192 4302 dic
1217 4266 1246 4299 er
1270 4251 1296 4299 io
1316 4251 1406 4300 scincn

320 4344 454 4395 Schriften
479 4343 640 4406 niedcrlegte
666 4344 720 4392 und
745 4343 788 4392 die
814 4343 849 4391 im
875 4342 1044 4403 Unterricht,
1070 4342 1129 4390 weil
1146 4341 1203 4391 hier
1222 4341 1273 4390 viel
1293 4341 1405 4401 Ucbuug

319 4435 416 4499 n‘dthig
432 4448 498 4496 war,
515 4433 593 4484 einen
612 4433 770 4498 Hauptthcil
787 4433 876 4482 bilden
894 4437 1000 4482 moeste.
