3524 5362
933 444 972 510 18

404 634 437 696 ἐν
467 640 536 707 τοῖς
568 627 732 717 διαλόγοις
764 634 896 718 ἐπιφέρει
929 637 975 696 καὶ
1002 630 1138 713 μάλιστα
1160 633 1193 695 ἐν
1215 640 1250 706 τῆ
1273 629 1423 716 Ἀληθείᾳ
1445 636 1492 696 καὶ

403 746 471 812 τοῖς
489 745 745 824 Προτρεπτικοῖς.
761 737 1034 797 Exhortationum
1051 737 1144 811 liber,
1157 739 1214 814 qui
1227 754 1303 811 ergo
1314 737 1492 797 rhetoricae

403 843 568 920 exemplar
589 843 760 902 habendus
781 849 829 902 est
852 842 1034 902 seeundum
1057 842 1240 918 Diogenem
1259 860 1492 919 saepenumero

403 948 490 1023 apud
517 953 641 1007 veteres
663 954 945 1008 commemoratur.
978 947 1012 1006 Si
1035 949 1136 1022 igitur
1157 947 1254 1023 paulo
1276 947 1407 1022 longius
1432 948 1492 1008 hae

404 1056 438 1111 in
458 1072 492 1112 re
514 1072 693 1127 moramur,
717 1054 750 1112 id
772 1055 888 1114 habeat
901 1053 1028 1131 aliquid
1043 1056 1277 1127 excusationis,
1289 1054 1377 1131 quod
1389 1056 1490 1114 nostri

403 1177 532 1236 quoque
564 1161 628 1219 viri
661 1160 746 1220 docti
775 1161 853 1220 huic
875 1160 959 1219 libro
981 1178 1144 1221 summam
1166 1160 1329 1219 dederunt
1350 1178 1490 1236 operam.

402 1264 477 1323 dam
493 1264 746 1325 Winekelmann
758 1266 783 1343 ¹)
802 1268 836 1324 in
851 1266 1045 1341 fragmentis
1059 1267 1207 1343 quinque
1224 1266 1311 1325 loces
1322 1271 1492 1326 enumerat

403 1373 460 1446 qui
482 1371 523 1429 ad
546 1389 627 1446 opus
642 1371 741 1430 hocce
757 1371 921 1430 referendi
936 1376 1022 1430 sunt.
1046 1369 1162 1442 Caum,
1178 1388 1236 1429 cur
1248 1376 1491 1460 Προτρεπτικῶν

404 1474 488 1533 liber
509 1482 574 1534 tam
603 1477 793 1553 frequenter
821 1477 973 1536 laudatur
994 1476 1072 1535 haec
1095 1493 1163 1535 esse
1186 1475 1330 1536 videtur:
1352 1483 1490 1554 praeter·

402 1598 511 1657 quam,
534 1582 622 1658 quod
646 1585 678 1640 in
702 1583 753 1641 his
771 1583 910 1657 (lialogis
925 1583 1069 1641 maxime
1081 1580 1218 1656 Gorgiae
1234 1581 1366 1641 dicendi
1386 1601 1490 1657 genus

402 1689 565 1761 apparuit,
598 1687 652 1746 hic
689 1706 818 1765 qnoque
852 1691 887 1746 in
917 1687 1123 1760 singularum
1144 1687 1350 1763 quarundam
1371 1707 1489 1748 vocum

402 1810 498 1851 usum
537 1795 726 1866 incidimus,
763 1812 846 1872 quae
881 1793 1011 1868 singula
1042 1793 1201 1852 vocabula
1231 1795 1435 1867 grammatici
1458 1799 1488 1853 et

402 1899 623 1975 lexicographi
657 1900 833 1973 diligenter
864 1899 1112 1957 adnotaverunt.
1157 1898 1210 1957 Sic
1233 1903 1344 1958 notatu
1371 1896 1488 1972 digna,

401 2024 442 2064 cx
457 2010 699 2093 Προτρεπτικῶν
714 2005 799 2063 libro
814 2004 947 2064 collecta
964 2008 1187 2063 memorantur
1201 2006 1371 2081 sequentia
1390 2004 1488 2064 verba

400 2117 456 2170 aut
478 2113 575 2184 dicta,
597 2114 624 2170 si
648 2113 764 2170 mavis:
785 2110 812 2186 9)
837 2107 1038 2196 βομβυλιὸς,
1056 2106 1235 2196 δελφάκιον,
1250 2107 1373 2197 αὔριιος
1390 2107 1488 2197 βῖκοι·

400 2237 539 2295 quorum
573 2222 718 2296 primum
749 2214 939 2304 βομβυλιὸς
972 2217 1168 2276 vocabulum
1201 2219 1247 2277 ita
1280 2222 1487 2307 memoratur,

400 2329 436 2382 ut
467 2330 553 2384 certe
585 2325 722 2397 vestigia
753 2323 779 2400 ³)
796 2323 955 2400 quaedam
993 2322 1069 2382 libri
1100 2323 1219 2398 perditi
1242 2322 1487 2399 deprehendere

399 2432 569 2505 possimus.
603 2431 735 2488 Etenim
759 2429 915 2488 Isocrates
939 2429 973 2485 in
997 2426 1125 2486 Helena
1149 2426 1162 2506 ξ
1188 2427 1239 2488 12:
1260 2433 1324 2493 τῶν
1345 2432 1401 2512 μὲν
1423 2429 1486 2515 γὰρ

399 2539 474 2611 τοὺς
495 2533 704 2623 βομβυλιοὺς
726 2541 773 2602 καὶ
796 2539 872 2611 τοὺς
895 2534 978 2610 ἅλας
994 2541 1040 2598 καὶ
1053 2536 1090 2598 τὰ
1103 2542 1230 2600 τοιαῦτα
1241 2532 1487 2620 βουλευθέντων

399 2643 534 2707 ἐπαινεῖν
556 2639 659 2718 οὐδεὶς
680 2645 805 2707 πώποτε
821 2640 933 2726 λόγων
948 2642 1110 2727 ἠπόρησεν
1124 2643 1339 2716 persi-ringere
1356 2641 1487 2700 videtur

397 2746 631 2806 Antisthenem
652 2747 709 2822 (cf.
732 2749 775 2807 id.
801 2745 835 2825 ἓξ
864 2748 896 2818 1,
918 2744 952 2819 4,
975 2743 993 2806 8
1016 2747 1073 2805 ubi
1096 2749 1193 2806 etiam
1214 2746 1360 2822 Cynicus
1380 2764 1486 2822 repre·

397 2852 581 2930 henditur).
604 2854 680 2913 Alia
701 2854 870 2913 accedunt.

438 2959 628 3018 Athenaeus
650 2957 698 3017 XI
719 2977 748 3034 p.
765 2956 825 3020 784
840 2957 875 3018 Ο.
887 2958 914 3037 ⁴)
939 2958 995 3016 ubi
1014 2959 1133 3016 iterum
1150 2963 1280 3034 propter
1294 2955 1485 3044 βομβυλιοῦ

398 3065 599 3122 mentionem
628 3066 850 3140 fragmentum
880 3066 1016 3124 sortasse
1048 3064 1322 3123 Exhortationum
1346 3063 1484 3121 relatum

397 3173 603 3244 invenimus,
626 3175 725 3231 ctiam
748 3171 812 3230 huc
834 3169 980 3247 quadrat.
1004 3170 1066 3240 Qui
1091 3170 1181 3229 locus
1203 3171 1328 3229 statiim
1346 3171 1379 3226 in
1392 3186 1484 3227 men-

428 3557 451 3619 l)
486 3573 510 3622 ρ.
528 3560 567 3616 20,
584 3559 624 3606 21.
658 3558 691 3608 cf.
709 3557 781 3617 Joel,
799 3572 827 3621 p.
842 3558 898 3606 506.

427 3646 451 3712 ’)
484 3645 629 3712 βομβυλιὸς
657 3647 749 3694 Pollux
770 3645 819 3704 vl,
837 3647 880 3704 lu,
898 3646 939 3693 98:
964 3645 1055 3695 στενὸν
1076 3645 1180 3708 ἔκπωμα
1204 3644 1245 3691 καὶ
1267 3643 1389 3708 βορβοῦν
1407 3645 1434 3695 ἐν
1451 3648 1485 3711 τῇ

396 3739 478 3801 πόσει,
503 3740 536 3796 ὡς
563 3738 629 3787 ’riva
655 3739 683 3786 ἐν
709 3742 853 3803 Προτρεπτ.
888 3737 927 3785 ld.
954 3737 992 3797 X,
1012 3739 1056 3795 19,
1074 3737 1113 3784 68.
1138 3736 1221 3784 Schol.
1239 3735 1325 3798 Apoll.
1345 3734 1427 3784 Rhod.
1446 3736 1482 3787 ΙΙ.

395 3847 419 3879 v.
437 3833 493 3879 571.
511 3829 634 3887 Erotion,
649 3843 672 3892 p.
697 3828 743 3875 104
763 3827 855 3875 Franz.
872 3853 904 3861 —
922 3826 1059 3891 δελφάκιον
1073 3827 1107 3876 cf.
1126 3826 1224 3875 Athon.
1243 3824 1325 3885 XIX,
1344 3839 1369 3888 p.
1387 3828 1437 3873 doli
1456 3825 1485 3874 ll.

395 3921 494 3969 Ἀντ...
516 3922 557 3969 καὶ
575 3920 603 3968 lv
621 3924 714 3983 Προτρ.
734 3918 812 3979 „dud
826 3917 966 3982 δελφακίων
979 3916 1140 3982 rescissae&
1159 3916 1256 3980 οὔρειον
1268 3914 1354 3978 βῖκον.
1368 3915 1485 3976 Photius,

395 4025 419 4072 p.
429 4012 484 4067 361,
503 4012 545 4057 21:
562 4008 709 4072 οὐροδόιτηνε
722 4009 770 4066 τήν
787 4007 863 4072 ἀμίδα
876 4007 1008 4072 Ξενοφῶν,
1023 4007 1076 4070 οὐρ.
1088 4006 1117 4069 β.
1130 4005 1305 4067 Ἀντισθένης.
1314 4004 1356 4052 Ex
1366 4006 1482 4054 omnium

394 4114 519 4148 consensu
538 4105 657 4148 auctores
674 4112 761 4147 vocem
779 4096 926 4163 βομβυλιὸν
943 4097 976 4145 ad
997 4097 1160 4160 Protreptica
1177 4097 1305 4146 referunt.

426 4187 451 4248 ³)
487 4188 567 4236 Blass.
582 4187 609 4236 ll.
622 4187 660 4244 ΙΙ,
671 4201 695 4249 ρ.
705 4187 765 4247 336,
775 4191 814 4235 nt.
824 4189 846 4233 6.
870 4185 986 4243 Mueller,
997 4200 1021 4247 ρ.
1033 4186 1071 4244 18,
1081 4191 1120 4234 nt.
1130 4187 1152 4234 l.
1172 4185 1313 4250 chappele
1326 4203 1351 4252 p.
1360 4190 1399 4249 al,
1410 4194 1449 4239 nt.
1459 4192 1482 4238 2.

427 4279 450 4340 4)
483 4278 636 4343 βομβυλιὸς,
655 4278 799 4342 θηρίκλειον
817 4275 956 4327 Ῥοδιακόν.
976 4275 1005 4326 οὗ
1023 4278 1079 4341 περὶ
1097 4282 1144 4337 τῆς
1161 4276 1228 4337 ι’ὂὲας
1243 4281 1378 4344 Σωκράτης
1395 4282 1483 4345 φησίνε

396 4370 438 4431 ,,ο“ι
456 4371 502 4433 μὲν
520 4371 545 4417 lx
564 4369 654 4433 φιάλης
672 4368 792 4426 πίνοντες
812 4367 874 4417 ὅσον
890 4367 992 4417 θέλουσι
1012 4367 1108 4433 τάχιστ’
1127 4369 1371 4436 ἀπαλλαγήσονται,
1384 4371 1406 4421 οἰ
1420 4371 1444 4421 δε
1457 4373 1483 4421 lx

392 4459 538 4526 βομβυλιοῦ
555 4458 621 4507 κατά
637 4459 727 4524 μικρόν
744 4457 892 4516 στάζοντες.
