3524 5362
848 443 906 506 109

334 633 416 687 esset
444 631 574 703 propter
601 625 804 702 litigantium
829 629 1071 703 oppositionem
1092 624 1320 704 philosophiae
1343 646 1419 688 suae

333 735 556 809 aptissimum,
567 733 765 806 tragicorum
776 732 904 791 fabulas
915 732 1034 791 adiisse
1046 735 1222 808 putemus?
1237 733 1273 809 ¹).
1297 732 1419 793 Memo-

333 845 404 899 ratu
437 839 533 898 etiam
564 838 703 912 dignum
735 843 797 911 est,
819 838 906 916 quod
929 837 1066 916 quisque
1089 838 1143 916 qui
1167 840 1268 898 semel
1290 844 1419 899 tantum

332 945 503 1022 perlegerit
524 943 659 1019 Gorgiae
682 943 891 1003 Palamedem
905 944 944 1022 ²),
970 943 1058 1018 tangi
1084 943 1195 1018 debet,
1211 963 1308 1022 quam
1325 963 1419 1022 saepe

332 1051 447 1112 similis
471 1052 636 1128 utriusque
658 1049 795 1109 rhetoris
817 1049 947 1109 dicendi
969 1049 1049 1109 ratio
1072 1049 1111 1110 sit
1129 1056 1161 1109 et
1176 1051 1316 1129 quoties,
1331 1051 1419 1128 quod

333 1156 398 1216 hue
439 1155 644 1233 potissimum
684 1157 820 1233 quadrat
855 1154 970 1216 similis
1008 1156 1174 1216 interdum
1207 1175 1419 1216 numerorum

335 1261 511 1322 moderatio
533 1263 705 1323 invenitur.

375 1580 556 1642 Protulerat
578 1582 678 1642 Blass.
700 1601 720 1639 v
743 1582 783 1641 cl.
805 1581 901 1641 hosce
924 1599 1048 1641 versus:

375 1686 434 1747 Od.
456 1686 487 1746 92
509 1692 547 1754 οὐ
569 1689 632 1778 γὰρ’
655 1684 756 1754 δοκεῖν
780 1693 797 1753 ὁ
819 1688 963 1771 πόλεμος
982 1686 1069 1752 ἀλλὰ
1092 1684 1170 1773 δρᾶν
1190 1686 1246 1751 o'ai·

374 1792 481 1853 Verba
502 1800 647 1854 contorte
669 1794 770 1866 dicta,
793 1794 835 1853 cf.
857 1795 1137 1852 commentarium.

375 1899 430 1964 κάν
451 1901 547 1987 ἡμέρᾳ
569 1899 624 1964 κάν
646 1903 731 1963 νυκτὶ
753 1933 792 1943 -
815 1929 836 1953 ν
863 1933 899 1942 -
922 1897 1015 1985 φιλεῖ·

376 2034 404 2071 τι
425 2010 497 2081 post
519 2007 603 2093 φιλεῖ
622 2008 765 2081 graviter
787 2009 930 2082 positum
953 2008 1011 2064 vix
1032 2005 1210 2064 desiderari
1234 2009 1347 2080 potest.

375 2146 414 2156 -
437 2114 502 2178 ἐστί
522 2140 574 2196 μοι
595 2113 764 2196 τεταγμένα
792 2154 860 2168 ····
888 2112 1010 2195 ἕτοιμός
1032 2110 1151 2192 εἶμ’ἀεί·
1164 2154 1171 2166 ·
1184 2153 1211 2167 ··

335 2219 371 2276 in
404 2217 586 2276 intervallis
618 2215 739 2275 talibus
772 2215 969 2288 numerosis,
1002 2217 1173 2290 longarum
1211 2221 1242 2274 et
1268 2215 1420 2274 brevium

335 2323 534 2399 syllabarum
556 2326 710 2383 varietate
732 2326 812 2383 ortis
831 2323 982 2396 fortasse,
1004 2324 1051 2382 nil
1062 2324 1239 2400 quicquam
1251 2323 1420 2398 proprium

335 2434 392 2488 est.
437 2428 604 2501 Invenias,
627 2431 661 2487 ni
684 2429 796 2499 fallor,
818 2428 905 2504 apud
928 2444 1157 2504 quemcunque
1179 2435 1354 2486 auctorem.

375 2535 428 2594 Ai.
451 2534 482 2594 5:
504 2539 605 2610 κακῶς
626 2533 749 2599 dacrion
773 2530 843 2599 οὐδὲ
866 2535 929 2623 γὰρ
953 2532 1053 2620 (γ’ἂν)
1075 2534 1212 2619 πάσχων
1234 2537 1345 2608 κακῶς.

376 2639 506 2698 Dicitur
537 2640 577 2698 ab
605 2639 724 2698 Aiace:
757 2643 860 2714 κακῶς
879 2637 1003 2703 α’κούων
1024 2644 1057 2696 tt
1077 2671 1117 2680 -
1139 2642 1240 2714 κακῶς
1261 2639 1420 2726 πάσχωνῐ

335 2744 483 2803 consulto
495 2749 606 2819 κακῶς,
620 2749 656 2801 ut
666 2761 829 2802 summam
842 2743 959 2803 habeat
969 2744 1049 2815 vim,
1061 2746 1272 2819 praeponitur
1283 2749 1421 2820 utroque

336 2850 406 2909 loco
428 2849 485 2927 (cf.
508 2850 628 2927 supra).

376 2955 435 3014 od.
458 2955 488 3014 9:
509 2955 639 3021 ἀλλἐἴτε
662 2952 783 3030 δοῦλος
805 2955 861 3020 εἴτε
883 2953 1043 3042 (πτωχὸς)
1067 2960 1114 3019 καὶ
1135 2959 1315 3040 μαστιγίας·

376 3060 520 3120 Adnotat
546 3080 577 3120 v.
599 3062 638 3121 cl.
665 3062 706 3121 ad
733 3062 822 3120 hune
844 3078 988 3121 versum:
1010 3062 1036 3118 si
1059 3059 1206 3119 deleatur
1226 3062 1368 3148 πτωχὸς,
1390 3068 1422 3121 et

337 3185 449 3225 versus
462 3169 600 3225 existere
612 3171 643 3225 et
655 3167 873 3226 offensionem
885 3167 984 3237 tollir,
997 3184 1096 3242 quam
1108 3167 1281 3241 praebeant
1290 3171 1422 3255 πτωχὸς
1512 3223 1514 3227 Α

336 3279 369 3332 et
389 3277 558 3357 μαστιγίας
580 3276 691 3331 iuncta
713 3280 745 3331 et
756 3291 786 3332 v.
800 3269 920 3347 δοῦλος
934 3274 1089 3347 opposita.
1117 3270 1183 3331 Cur
1198 3274 1250 3331 vir
1263 3273 1303 3333 el.
1319 3272 1422 3333 offen·

337 3379 432 3438 datur
443 3381 602 3440 vocabulo
614 3383 745 3467 πτωχὸς
756 3398 823 3439 non
836 3379 1001 3452 intellego.
1015 3378 1115 3437 lactat
1123 3379 1278 3439 adversus
1286 3380 1421 3439 Aiacem

337 3485 470 3558 Ulixes,
492 3487 519 3543 si
541 3503 593 3544 res
617 3485 828 3560 postularent,
851 3484 959 3543 nullas
981 3488 1086 3558 partes
1108 3486 1259 3559 quamvis
1279 3485 1424 3545 humiles

335 3610 353 3649 a
384 3608 417 3650 se
444 3590 628 3666 repudiatas
654 3607 738 3663 esse,
768 3593 870 3648 immo
899 3591 925 3649 si
949 3606 1030 3664 opus
1051 3596 1134 3648 esset
1155 3592 1230 3664 τοὺς
1250 3590 1424 3674 πολεμίους

336 3699 434 3762 κακόν
460 3726 487 3762 η
515 3693 595 3784 δρᾶν
622 3697 708 3754 ultro
734 3695 786 3753 vel
815 3694 1038 3753 humilissimo
1069 3695 1176 3752 cilicio
1206 3695 1358 3755 iunctum
1389 3713 1423 3754 se

335 3821 413 3863 esse.
437 3803 540 3873 Quam
562 3808 647 3861 recte
668 3807 780 3861 auctor
801 3801 833 3859 h.
857 3800 877 3859 l.
900 3803 961 3859 tria
983 3803 1043 3859 ista
1066 3818 1204 3858 munera
1224 3798 1316 3860 Ulixi
1332 3803 1422 3859 attri-

369 4006 391 4068 ¹)
426 4006 534 4070 Scripsit
560 4007 593 4054 ‹lc
619 4006 718 4067 tragico
744 4005 777 4068 (l)
805 4005 954 4067 Theognidc
979 4005 1014 4053 ct.
1045 4004 1156 4052 Mueller
1183 4018 1210 4067 p.
1237 4006 1284 4052 lt:
1311 4006 1339 4051 ll
1364 4006 1423 4069 περὶ

336 4097 469 4161 eropon·
494 4095 543 4145 d'e'
565 4124 595 4132 -
620 4096 772 4159 Euripidem
791 4110 815 4143 v.
833 4112 855 4143 e.
872 4096 1062 4143 reclamaverunt
1080 4108 1168 4141 omues
1185 4098 1210 4141 et
1229 4094 1423 4154 errat-iguveruut

337 4187 429 4250 Cynici
449 4188 483 4236 cl.
502 4187 595 4233 ll'eher
612 4185 654 4244 ll.,
673 4201 696 4249 p.
717 4189 765 4232 210
782 4192 819 4232 ut..
840 4186 849 4231 l
870 4212 898 4218 -
920 4198 944 4247 p.
964 4187 1010 4232 193
1029 4190 1066 4232 ut.
1085 4186 1099 4230 2
1117 4209 1148 4219 -
1167 4182 1274 4244 Scripsit
1293 4183 1423 4242 Diogenes

335 4278 414 4325 etiarn
433 4276 589 4335 tragoedias.

368 4364 391 4427 ²)
426 4369 460 4414 ef.
485 4366 552 4426 doel,
576 4380 600 4428 p.
624 4367 670 4412 417
688 4379 731 4427 sq,
754 4370 869 4413 ceterum
889 4364 934 4411 ille
950 4364 984 4411 ad
1001 4365 1194 4411 aerrteutiarum
1212 4364 1422 4412 convenientiam

339 4456 468 4505 attendit.
