3524 5362
491 514 501 587 ἱ
887 459 925 519 41

407 667 669 729 Declamationes
703 665 790 726 Aiax
825 672 857 726 et
888 667 1018 740 Ulixes,
1051 685 1133 745 quae
1163 667 1342 726 rhetoricae
1373 669 1452 726 artis

364 775 530 850 specimen
565 771 658 845 dant,
693 790 841 850 quaeque
877 773 980 832 multa
1014 773 1262 833 Antisthenicae
1285 773 1452 831 doctrinae

364 880 502 953 vestigia
519 877 711 951 ostendunt,
724 877 750 955 ¹)
773 896 811 937 eo
832 881 998 955 imprimis
1019 878 1248 938 memorabiles
1262 883 1348 952 sunt,
1364 879 1452 955 quod

365 986 485 1044 iterum
507 983 672 1056 indicant,
694 989 851 1061 quantam
872 1002 1003 1060 operam
1023 984 1168 1060 Cynicus
1190 985 1335 1044 Homero
1356 1002 1452 1044 nava·

363 1090 458 1148 verit.
501 1087 646 1148 Homero
681 1091 771 1149 enim
806 1090 859 1149 vel
895 1093 1038 1151 maxime
1074 1093 1224 1150 omnium
1256 1092 1451 1167 scriptorum

363 1195 549 1255 Atticorum
584 1195 705 1256 favisse
739 1196 974 1256 Antisthenem
1010 1199 1214 1283 summisque
1250 1195 1375 1255 viribus
1415 1198 1450 1254 in

365 1301 481 1361 iliadis
510 1300 737 1380 Odysseaeque
764 1305 947 1363 carminum
971 1287 1274 1380 interpretationem
1295 1306 1327 1360 et
1348 1301 1451 1377 expli-

363 1407 526 1465 cationem
548 1406 753 1480 incubuisse,
775 1407 918 1467 sedecim
940 1426 1036 1484 opera
1058 1408 1232 1467 Homerica
1253 1407 1293 1466 ab
1316 1425 1354 1465 eo
1375 1424 1451 1466 con-

363 1513 482 1587 scripta
503 1514 672 1572 testantur.
713 1564 726 1599 .-

405 1617 525 1691 Igitur,
554 1608 707 1689 etiamsis
710 1616 899 1695 disquisitio
920 1619 961 1677 de
982 1621 1152 1678 authentia
1172 1617 1449 1677 declamationum

363 1721 529 1799 paulisper
555 1690 806 1796 intermittatur,
819 1741 933 1800 operae
955 1727 1098 1799 pretium
1119 1725 1252 1783 videtur
1273 1741 1362 1782 nuno
1384 1725 1449 1799 pri-

363 1846 444 1887 num
479 1828 521 1915 de
538 1798 744 1889 siiomericis
777 1828 989 1888 Antisthenis
1024 1830 1143 1889 studiis
1175 1831 1210 1888 in
1239 1830 1448 1901 universum,

364 1934 442 1994 dein
453 1924 518 2013 sele
559 1933 729 1994 nonnullis
765 1935 918 2011 operibus
952 1952 1034 2012 quae
1070 1934 1253 1994 Homerum
1289 1938 1449 2011 spectant,

385 2018 523 2105 odedam
554 2038 682 2098 addere.
726 2038 819 2110 Quod
851 2040 1016 2114 agendum
1046 2058 1115 2100 esse
1147 2041 1231 2100 mihi
1263 2042 1298 2100 in
1324 2039 1449 2117 praefa-

307 2170 348 2229 s
362 2056 452 2203 &ione
479 2146 647 2220 proposui,
674 2147 752 2222 quia
780 2144 964 2204 dissertatio
985 2163 1036 2219 ea,
1058 2150 1282 2224 praeterquam
1304 2146 1392 2224 quod
1414 2164 1448 2206 re

363 2251 433 2326 ipsa
468 2252 578 2324 magni
615 2252 775 2310 momenti
811 2255 872 2323 est,
908 2251 966 2311 ubi
1002 2253 1043 2312 de
1075 2252 1244 2312 literarum
1275 2253 1448 2329 praecipue

362 2356 482 2416 studiis
508 2358 650 2431 agimus,
680 2359 779 2417 etiam
805 2375 1012 2436 summopere
1038 2364 1204 2420 accuratae
1226 2361 1266 2419 de
1288 2359 1448 2420 declama-

362 2462 508 2520 tionibus
530 2463 740 2539 inquisitioni
762 2462 904 2538 prodest.

275 2230 304 2277 s

393 2685 417 2750 ¹)
453 2688 491 2738 De
507 2688 645 2738 rhetoricis
657 2692 684 2738 et
696 2687 892 2752 philosophicis,
903 2703 971 2752 quac
982 2690 1011 2738 in
1022 2691 1262 2742 declamationibus
1273 2693 1449 2744 inveniuntur

361 2779 454 2840 postea
476 2782 599 2827 accurate
623 2777 699 2826 nobis
724 2777 856 2840 agendum
883 2781 934 2837 θεῖς
958 2793 1050 2828 musas
1075 2794 1121 2830 cur
1145 2779 1214 2830 hano
1238 2781 1447 2844 disquisitionem

359 2865 524 2927 distulerim,
542 2865 594 2915 iam
612 2866 735 2916 indicari.
