3524 5362
866 413 905 476 14

339 615 408 657 esse
429 598 644 657 tribuendum
667 599 841 657 titulorum
862 599 1089 659 similitudini.
1121 599 1207 661 Fieri
1220 619 1296 661 sane
1312 608 1428 677 potest,

338 710 374 762 ut
411 723 451 762 ne
491 704 589 762 verbo
629 702 762 780 quidem
804 721 871 762 uno
908 703 992 762 liber
1026 705 1237 765 Antisthenis
1269 713 1338 792 περὶ
1372 715 1427 772 τοῦ

336 813 508 893 μανθάνειν
540 811 689 886 opusculi
724 810 909 884 Protagorei
937 814 1007 897 περὶ
1040 815 1103 876 τῶν
1135 813 1329 894 μαθημάτων
1362 830 1427 870 me·

337 923 475 980 moriam
507 924 716 981 revocaverit.
760 920 824 979 Sed
856 927 903 980 est
934 921 1080 997 aliquid,
1114 924 1178 981 nisi
1205 922 1313 995 fallor,
1340 923 1427 999 quod

337 1045 378 1084 ex
415 1027 589 1085 duodecim
627 1028 758 1102 scriptis
797 1025 987 1100 Protagorae
1027 1028 1115 1103 apud
1146 1027 1328 1102 Diogenem
1362 1047 1427 1088 me·

338 1135 485 1206 moratis,
518 1139 642 1208 septem
675 1133 727 1192 vel
760 1133 874 1192 eadem
900 1132 952 1192 vcl
982 1133 1051 1192 fere
1073 1132 1186 1192 eadem
1208 1133 1316 1193 forma
1336 1134 1426 1193 tituli

337 1239 424 1315 apud
456 1240 690 1300 Antisthenem
722 1239 857 1298 redeant
885 1244 917 1297 et
950 1238 1003 1297 hic
1026 1239 1172 1315 profecto
1194 1239 1316 1298 valebit
1338 1240 1426 1317 quod

337 1347 523 1408 observavit
563 1347 651 1420 soei,
691 1345 866 1405 titulorum
900 1345 1122 1405 similitudine
1154 1362 1249 1420 saepe
1281 1351 1427 1404 auctores

336 1458 461 1512 veteres
491 1452 652 1512 indicasse
684 1469 725 1509 ex
757 1453 929 1510 cuiusnam
962 1451 1113 1527 exemplo
1145 1468 1242 1526 opera
1268 1468 1327 1510 sua
1351 1469 1426 1510 cen-

337 1561 514 1619 stituerint.

377 1665 463 1724 Dein
496 1671 632 1742 uterque
664 1671 731 1724 tam
761 1664 949 1737 Protagoras
978 1681 1076 1740 quam
1097 1663 1338 1723 Anthisthenes
1360 1666 1426 1737 egit

335 1772 376 1829 dc
398 1777 485 1830 recto
506 1771 679 1830 verborum
703 1788 763 1830 usu
786 1789 817 1847 q.
839 1771 870 1829 d.
893 1772 1071 1857 ὀρθοίτειιις
1090 1769 1115 1847 ¹)
1138 1775 1274 1846 uterque
1295 1772 1330 1828 in
1353 1771 1426 1828 uni-

337 1893 466 1934 versum
489 1894 650 1935 summam
684 1893 795 1935 curam
818 1877 853 1934 in
874 1877 1096 1947 grammaticis
1118 1877 1237 1935 studiis
1258 1879 1366 1951 posuit
1390 1878 1425 1934 in

337 1981 453 2039 formis
485 1983 707 2054 grammaticis
739 1980 943 2056 explicandis
973 1981 1226 2059 deliniendaque
1247 1988 1333 2041 recte
1357 2001 1425 2040 ver-

336 2086 453 2145 borum
474 2087 669 2146 elocutione.

375 2194 432 2257 τὸν
460 2191 564 2277 λόγον
592 2199 727 2269 uterque
754 2194 879 2250 ratione
901 2210 938 2251 ac
959 2193 1074 2251 ordine
1096 2193 1258 2268 explicare
1280 2197 1423 2251 conatur.

336 2298 523 2357 Orationem
540 2298 727 2372 Protagoras
738 2297 861 2355 dividit
873 2303 1027 2373 quattuor
1038 2299 1072 2354 in
1085 2302 1191 2372 partes
1204 2321 1211 2357 ι
1226 2297 1253 2377 ζ’)
1277 2298 1424 2385 εὐχωλὴν

335 2408 502 2493 ἐρώτησιν,
539 2405 709 2491 ἀπόκρισιν
741 2402 797 2479 (cf.
830 2403 1041 2462 Antisthenis
1074 2404 1196 2463 librum
1229 2401 1321 2463 30¹¹¹¹¹2
1353 2409 1422 2490 περὶ

337 2513 517 2599 ἐρωτήσεως
528 2515 573 2575 καὶ
583 2506 805 2596 ἀποκρίσεως),
814 2508 1146 2584 ὶιιτολήν;εθοῑ111(1111]1
1155 2509 1422 2584 Antisthenem³)

334 2617 439 2704 λόγος
461 2613 545 2681 ἐστὶν
566 2619 584 2679 ὁ
606 2617 642 2679 τὸ
664 2618 694 2679 τι’
714 2619 752 2690 ἦν
774 2615 792 2690 ἢ
814 2615 876 2680 ἰ’στι
900 2612 1016 2691 δηλῶν.
1058 2614 1248 2691 Opportune
1278 2630 1422 2691 quoque,

335 2726 451 2799 opinor
482 2721 554 2780 Jeel
588 2720 817 2795 Protagoreum
852 2721 954 2780 illud:
977 2723 1004 2799 4)
1028 2718 1085 2788 δύο
1107 2720 1231 2807 λόγους
1253 2720 1331 2786 εἶναι
1353 2725 1422 2806 περὶ

334 2830 456 2904 παντὸς·
487 2829 676 2914 πράγματος
706 2825 935 2910 ἀντικειμένους
968 2826 1128 2902 αλλήλοις
1159 2830 1325 2901 comparat
1346 2843 1421 2884 cum

333 2934 544 2993 Antisthenis
566 2934 859 2993 declamationibus
880 2934 980 2993 Aiace
1002 2938 1034 2992 et
1048 2932 1156 3007 Ulixe,
1171 2950 1254 3010 quae
1266 2937 1421 3009 tanquam

333 3041 533 3117 exemplaria
554 3040 654 3099 huius
675 3041 914 3098 enuntiationis
935 3041 1038 3115 accipi
1061 3044 1205 3115 possunt.

376 3148 527 3224 Denique
559 3151 680 3222 quanta
711 3149 760 3204 est
786 3144 959 3205 concordia
981 3147 1015 3202 in
1038 3146 1209 3221 utriusque
1231 3144 1359 3220 placitis
1381 3145 1421 3202 de

334 3255 542 3313 institutione
578 3256 647 3340 περὶ
684 3248 845 3326 witlac!
889 3250 946 3311 Uti
983 3248 1171 3323 Protagoras
1204 3251 1421 3308 institutionis

333 3359 564 3435 praestantiam
587 3357 769 3416 identidem
791 3356 970 3432 profitetur,
992 3357 1039 3415 sic
1054 3355 1268 3414 Antisthenes
1282 3355 1419 3413 eandem

334 3481 502 3523 summum
525 3465 610 3521 vitae
633 3467 760 3521 nostrae
782 3461 927 3520 officium
944 3460 1094 3533 declarat,
1110 3462 1206 3537 eique
1220 3460 1419 3534 singularem

334 3570 496 3645 librnm⁵)
534 3568 659 3627 tribuit.
711 3566 752 3628 Et
774 3567 861 3644 qued
885 3571 1065 3625 memoratu
1087 3565 1320 3640 dignissimum
1352 3584 1420 3625 esse

334 3676 481 3745 videtur,
526 3676 635 3733 omnis
670 3675 889 3732 institutionis
924 3672 1181 3731 fundamentum
1216 3673 1316 3730 situm
1352 3690 1420 3730 esse

332 3884 577 3895 .—--—

368 4001 386 4067 ¹)
420 4002 455 4051 ct.
475 4000 542 4049 Plat.
556 3997 674 4056 Phaedr.,
692 4011 717 4061 p.
729 3998 777 4045 267
792 3998 820 4046 C.
837 3998 880 4046 ‘282
898 3998 954 4063 περὶ
967 3995 1082 4055 παιδείας
1100 3996 1115 4057 ἢ
1131 3994 1264 4061 ὀνομάτων
1275 3995 1334 4059 α’β’
1343 3994 1395 4061 γ’δ’
1404 3996 1422 4047 ε’

335 4097 366 4143 29
384 4093 412 4141 ll.
432 4094 456 4140 l:
474 4090 529 4156 trapi
546 4087 636 4146 λέξεως
653 4087 670 4148 ἢ
689 4088 746 4152 περὶ
763 4087 939 4153 χαρακτήρων.

364 4181 389 4243 ¹)
423 4183 457 4232 cf.
477 4182 568 4238 Quint.
587 4181 688 4242 Ill,t,
709 4183 746 4228 10.

364 4271 388 4334 θ)
424 4271 499 4332 Diog.
517 4270 603 4320 Lacrt.
622 4270 667 4329 vl,
684 4272 708 4320 3.

365 4361 388 4422 ⁴)
425 4361 499 4421 liiog.
519 4360 605 4410 laert.
624 4359 677 4417 IX,
696 4357 979 4418 553iu.111‚3t,tv.

364 4449 389 4513 ⁶)
423 4455 464 4499 30:
484 4452 538 4517 περὶ
557 4449 681 4507 παιδείας.
