3524 5362
880 414 899 478 3

629 600 658 662 3.
682 596 855 675 Ὀδυσσεὺς
877 600 895 674 ἢ
917 604 987 686 περὶ
1008 593 1197 673 Ὀδυσσέως.

628 705 656 766 4.
679 707 831 793 Ὀρίστου
848 703 1010 790 ἀπολογία
1029 704 1047 778 ἢ
1064 709 1133 790 περὶ
1144 708 1208 767 τῶν
1221 700 1437 790 δικογράφων·

631 811 658 871 5.
681 811 858 897 Ἰσογραφὴ
881 808 898 884 ἢ
922 812 1044 883 Λυσίας
1066 815 1113 873 καὶ
1136 809 1331 894 Ἰσοκράτης.

632 916 660 976 (3-
683 918 765 997 πρὸς
787 919 844 980 τὸν
866 915 1070 1001 Ἰσοκράτους
1093 913 1304 1001 Ἀμάρτυρον·

551 1024 594 1082 ll.
637 1020 665 1081 7.
687 1026 758 1108 περὶ
781 1019 874 1107 ζῴων
896 1023 1030 1106 φάσεως·

631 1128 659 1188 3.
705 1151 719 1183 ιι
775 1123 979 1201 παιδοποιίας
1002 1125 1019 1201 ἢ
1041 1130 1112 1212 περὶ
1141 1127 1246 1211 γόμου
1261 1128 1417 1210 ἐρωτικός·

631 1233 659 1294 9.
705 1258 718 1290 ιι
776 1238 840 1299 τῶν
864 1241 1026 1320 σοφιστῶν
1049 1237 1314 1319 φυσιογνωμικάς·

613 1339 658 1399 10·
705 1363 719 1397 ιι
777 1336 980 1414 δικαιοσύνης
991 1344 1038 1404 καί
1053 1335 1200 1426 ιἰνδρείας
1212 1340 1440 1427 προτρεπτικὸς

776 1449 914 1532 πρῶτος,
939 1441 1094 1532 δεάτερος,
1117 1449 1234 1532 τρίτος.

615 1552 661 1612 ll·
707 1575 721 1609 ι
781 1549 956 1638 Θεόγνιδος
979 1548 1028 1618 δ’ἐ·

528 1660 661 1719 11112.
707 1683 721 1715 ιι
781 1658 917 1744 ἀγαθοῦ.

616 1763 664 1823 13.
709 1787 723 1821 υ
783 1761 939 1851 ἀνδρείας·

615 1869 662 1930 14.
706 1893 722 1928 ιι
781 1871 880 1951 υόμοιι
903 1869 922 1944 ἢ
943 1875 1012 1956 περὶ
1035 1867 1208 1942 πολιτείας·

616 1973 663 2035 15.
708 1996 723 2031 ιι
822 1996 837 2031 ιι
904 1997 919 2030 ι
965 1997 979 2031 ιι
1033 1973 1132 2038 καλοῦ
1154 1979 1201 2038 καὶ
1231 1969 1360 2037 δικαίου·

617 2078 664 2139 16.
710 2104 725 2137 ιι
783 2080 964 2166 ἐλευθερίας
986 2084 1034 2144 καὶ
1057 2076 1216 2154 δουλείας·

617 2184 664 2246 17·
710 2210 724 2242 ιι
782 2181 930 2260 πίστεως·

618 2290 665 2353 18.
711 2316 725 2347 ιι
783 2293 955 2379 ἐπιτρόπου
978 2291 997 2366 ἢ
1018 2296 1087 2378 περί
1110 2297 1166 2355 τοῦ
1188 2293 1361 2355 πείθεσθαι.

619 2396 666 2457 19.
711 2421 726 2454 ιι
786 2401 874 2471 νίκης
896 2397 1106 2477 οἰκονομικόςΙ

538 2504 594 2565 IV.
617 2501 666 2564 20.
692 2509 810 2589 Κῦρος.

617 2608 666 2670 21.
690 2607 852 2695 Ἡρακλῆς
874 2611 892 2672 ὁ
914 2606 1029 2690 μείζων
1052 2608 1070 2683 ἢ
1092 2613 1161 2694 περὶ
1182 2610 1307 2691 ίσχάος·

558 2716 596 2776 V.
619 2715 667 2776 22.
694 2722 802 2801 Κῦρος
822 2713 842 2790 ἢ
865 2717 935 2800 περὶ
958 2710 1138 2800 βασιλείας·

619 2819 667 2882 23.
688 2819 861 2887 Ἀσπασία·

538 2929 594 2988 VI.
617 2927 666 2989 24.
688 2925 852 3003 Ἀλήθεια·

620 3033 668 3094 25.
694 3038 770 3120 Περὶ
793 3039 850 3097 τοῦ
873 3031 1093 3118 ἀντιλέγεσθαι
1117 3030 1332 3118 άντιλογικός·

621 3139 670 3202 26.
696 3140 814 3204 Σάθων
835 3137 854 3213 ἢ
876 3136 947 3224 περί
969 3143 1027 3202 τοῦ
1049 3136 1235 3224 άντιλέγειν·

620 3244 669 3305 27.
691 3247 763 3331 περὶ
798 3239 971 3309 διαλέκτου·

523 3351 599 3410 Vll.
623 3348 672 3411 28.
716 3372 731 3407 ιι
795 3344 939 3424 παιδείας
960 3347 978 3422 ἢ
1002 3350 1169 3430 ὀνομάτων
1192 3348 1217 3414 α’
1232 3344 1390 3435 β’γ’δέ’·

620 3454 668 3516 29.
714 3478 728 3513 ιι
794 3455 960 3537 ὀνομάτων
982 3456 1129 3541 χρήσεως
1150 3455 1312 3530 ἐριστικός·

620 3561 669 3622 30.
714 3585 729 3618 ιι
794 3562 977 3648 ἐρωτήσεως
1000 3564 1047 3624 καὶ
1072 3558 1279 3647 ἀποκρίσεως·

620 3667 669 3729 31.
715 3691 730 3725 ιι
795 3662 894 3742 δόξης
916 3670 963 3729 καὶ
986 3666 1157 3746 ἐπιστήμης
1180 3662 1343 3751 α’β’γ’δ·

621 3772 670 3835 32.
716 3796 730 3829 ιι
794 3778 850 3837 τοῦ
872 3771 1053 3836 ἀποθανεῖν·

622 3877 672 3940 33.
717 3902 731 3935 ιι
796 3876 879 3952 ζωῆς
902 3880 950 3943 καὶ
971 3877 1123 3941 θανάτου·

622 3987 670 4049 34.
714 4011 731 4047 ιι
794 3991 858 4053 τῶν
879 3989 911 4052 ἐν
934 3982 1022 4074 ᾅδου·

622 4091 671 4154 35.
716 4118 730 4151 υ
798 4095 921 4179 φάσεως
943 4088 1027 4178 α’β’.

624 4198 674 4261 36.
696 4201 859 4288 Ἐρώτημα
880 4204 949 4287 περί
972 4201 1097 4285 φάσεως
1117 4194 1163 4282 β’·

625 4306 675 4369 37.
699 4305 798 4382 Δόξαι
820 4308 840 4384 ἢ
861 4307 1025 4396 ἐριστικός·

626 4413 675 4476 38·
697 4421 767 4504 περὶ
787 4420 843 4480 τοῦ
864 4413 1038 4499 μανθάνειν
1060 4408 1284 4500 προβλήματα.

1286 4513 1324 4574 10
