3524 5362
1012 430 1070 493 112

498 616 603 688 potest
632 612 749 687 aptari;
774 612 853 670 dein
874 617 967 687 poeta
988 613 1138 689 quisquis
1159 611 1239 685 fuit,
1261 611 1426 673 adamasse
1447 616 1585 675 videtur

498 718 639 777 inferius
689 717 905 776 iambicorum
956 736 1111 778 versuum
1160 736 1277 791 genus,
1329 720 1417 796 quod
1455 726 1585 780 constat

498 823 621 894 verbis,
644 841 726 901 quae
748 825 880 898 singula
901 824 1027 884 iambos
1048 825 1209 897 efficiunt,
1231 834 1287 884 aut
1308 827 1485 885 verborum
1506 844 1585 885 con-

497 930 726 1004 junctionibus
759 931 906 988 numeris
938 930 1088 989 iambicis
1120 933 1186 989 iam
1217 931 1389 991 adstrictis.
1435 931 1490 991 Sic
1512 932 1584 991 h.l:

497 1037 560 1122 ἐγὼ
579 1033 583 1114 Ι
601 1041 658 1118 μὲν
679 1034 738 1101 οὖν
756 1032 761 1114 Ι
780 1036 852 1119 ὑμῖν
870 1033 875 1115 Ι
892 1037 987 1122 λέγω.
1148 1110 1151 1116 1

540 1140 746 1200 Postremum
779 1140 860 1216 quid
891 1141 1024 1199 tandem
1057 1147 1183 1217 praeter
1213 1140 1337 1227 ῥυθμὸν
1368 1160 1411 1200 ex
1442 1142 1584 1200 fortuito

498 1247 685 1305 iamborum
706 1262 866 1304 concursu
889 1252 997 1304 ortum
1018 1245 1214 1305 demonstrat
1237 1247 1332 1306 uobis
1353 1249 1509 1320 tragicam
1532 1248 1584 1304 in·

502 1370 571 1412 esse
604 1352 821 1410 memoriam?
864 1349 957 1421 Quod
978 1353 1006 1410 si
1028 1370 1143 1410 rerum
1164 1359 1261 1424 esset,
1284 1353 1486 1428 pullularent
1506 1352 1583 1411 reli·

497 1458 594 1534 quiae
619 1458 759 1530 tragicae
784 1455 871 1530 apud
894 1454 1162 1528 Demosthenem,
1186 1456 1361 1517 Isocratem
1382 1458 1539 1535 aliosque.
1555 1458 1583 1535 ¹)

539 1562 598 1623 Od.
621 1561 652 1622 ὃς
674 1559 775 1645 κ’ἆμοῖ
796 1565 861 1643 μὲν,
884 1564 930 1627 ὄτι
951 1565 1026 1637 τοὺς
1048 1560 1219 1643 πολεμίους
1240 1561 1396 1648 <liupo
1418 1567 1532 1637 κακῶς.

539 1667 648 1756 λάθρᾳ
679 1668 819 1726 inseruit
850 1665 950 1725 Blass
972 1665 1014 1725 Cf.
1036 1667 1088 1725 dl
1110 1666 1141 1724 52
1163 1668 1224 1753 ἐγὼ
1247 1662 1278 1732 δὲ
1300 1664 1392 1732 οὐδὲν
1414 1666 1454 1731 ἂν
1474 1668 1584 1752 λάθρᾳ

496 1773 687 1857 τολμήσαιμι
717 1769 834 1860 πρᾶξαι
866 1776 898 1829 ΡΙ
930 1770 988 1830 Od.
1020 1769 1051 1829 fi:
1080 1777 1223 1859 φανερῶς
1252 1774 1411 1858 ἐμόχθεις·
1438 1771 1583 1831 Everffil

498 1881 667 1939 recondito
692 1877 771 1937 sau.
792 1876 959 1937 concludit
980 1882 1065 1935 recte
1087 1877 1261 1935 inseruisse
1285 1877 1446 1935 BIassium
1467 1895 1584 1936 vocem

500 1984 616 2071 λάθρᾳ.
661 1982 700 2041 In
731 1983 940 2041 adnotat-ione
971 1983 1105 2057 exposui
1138 1980 1243 2069 λάθρᾳ
1275 2000 1343 2041 esse
1369 1983 1584 2042 inserendum

498 2094 629 2167 propter
653 2104 794 2163 sequeus
818 2104 933 2145 vocem
958 2082 1085 2151 δειλίαν.
1128 2085 1264 2145 Etiamsi
1289 2089 1451 2162 praeclare
1472 2088 1584 2148 Aiacis

498 2201 530 2255 et
560 2194 671 2255 Ulixis
703 2191 801 2250 verba
831 2190 1036 2263 cohaereant,
1059 2198 1168 2250 tamen
1191 2192 1286 2251 oredo
1308 2211 1374 2251 non
1397 2211 1478 2268 opus
1498 2210 1584 2266 esse,

499 2307 535 2361 ut
557 2315 688 2376 prorsus
710 2296 830 2355 iisdem
852 2296 961 2355 verbis
982 2304 1124 2356 utantur.
1167 2296 1251 2356 Nam
1273 2301 1300 2357 si
1322 2298 1356 2356 id
1372 2318 1487 2358 verum
1501 2306 1585 2359 esset

499 2425 565 2465 non
598 2403 705 2492 λάθρᾳ
736 2403 845 2462 solum
875 2403 910 2459 in
943 2400 1052 2461 Ulixis
1081 2402 1204 2475 verbis,
1226 2405 1282 2462 sed
1304 2410 1406 2479 κακῶς
1427 2407 1526 2464 etiam
1548 2406 1585 2463 in

498 2512 610 2571 Aiacis
642 2509 751 2567 verbis
780 2507 969 2567 addendum
1002 2514 1096 2566 esset:
1137 2511 1314 2568 maximam
1346 2513 1415 2569 viui
1447 2528 1516 2570 esse
1548 2513 1585 2569 in

498 2618 703 2693 oppositione
731 2621 786 2678 τοῦ
811 2616 914 2686 κακῶς
935 2614 1081 2698 πράττειν
1102 2612 1231 2691 (ποιεῖν)
1257 2621 1285 2673 el
1309 2622 1411 2692 κακῶς
1432 2619 1586 2704 πάσχειν,

499 2722 662 2782 minorem
690 2722 800 2778 autem
822 2718 928 2776 multo
950 2716 983 2775 in
1006 2716 1203 2792 oppositione
1225 2727 1281 2783 wi
1302 2719 1409 2808 λάθρᾳ
1430 2729 1462 2781 et
1483 2728 1587 2800 κακῶς

464 2828 468 2833 ’
498 2828 635 2908 quilibet
671 2824 767 2885 facile
802 2823 928 2896 sentiet,
960 2822 1016 2900 qui
1049 2823 1217 2901 utriusque
1249 2827 1407 2888 orationes
1439 2838 1585 2889 tenorem

497 2930 706 2994 intellexerit.

542 3040 617 3099 Post
639 3037 736 3096 hosce
758 3054 871 3095 versus
893 3032 1045 3110 proponit
1067 3035 1207 3110 exempli
1231 3054 1324 3095 cansa
1349 3037 1588 3099 Radermacher

499 3143 676 3222 specimina
699 3143 860 3219 quaedam
883 3158 1053 3213 versuum,
1075 3160 1155 3218 quos
1170 3142 1234 3200 levi
1249 3142 1428 3202 mutatione
1443 3145 1587 3219 plerum·

500 3270 564 3329 que
595 3248 744 3321 refinxit,
775 3266 974 3326 quamquam
1007 3266 1072 3306 non
1103 3266 1232 3324 prorsus
1261 3268 1297 3308 ca
1319 3249 1385 3325 ipso
1407 3251 1512 3310 forma
1533 3269 1588 3311 eos

500 3356 580 3416 olim
601 3354 736 3430 scriptos
759 3351 860 3413 fuisse
882 3352 1056 3411 affirmans.

541 3466 594 3523 Αἰ.
617 3463 648 3523 l:
690 3465 776 3546 ὑμεῖς
798 3458 976 3549 l’dp'olltv
997 3458 1112 3536 εἰδότες
1135 3458 1276 3535 δικάζετε.
1291 3463 1319 3537 ³)

536 3803 559 3867 ¹)
593 3804 681 3853 Citam
707 3804 749 3852 hic
775 3803 849 3852 lubet
874 3801 1008 3865 exempla,
1034 3814 1100 3862 (puae
1116 3801 1210 3849 attulit
1226 3801 1330 3850 Nonlen
1349 3803 1389 3864 ll.‚
1413 3819 1437 3867 p.
1455 3808 1484 3853 54
1503 3811 1542 3856 nt.
1563 3810 1586 3863 l:

502 3895 634 3944 Wassoll
653 3908 713 3943 man
732 3894 821 3942 lenter
837 3892 922 3940 dauon
941 3905 1028 3951 sagon,
1046 3905 1120 3938 worm
1139 3905 1200 3939 man
1218 3891 1260 3939 ‹lie
1280 3892 1452 3956 llehauptung
1470 3895 1540 3955 lriirt,
1559 3897 1586 3945 in

503 3986 556 4035 Cic.
573 3986 607 4033 de
623 4000 660 4032 or.
679 3984 735 4042 lli,
753 3984 801 4030 20:
820 3980 949 4044 complexi
969 3980 1027 4042 plus
1045 3980 1128 4027 mullo
1145 3981 1223 4028 (etiarm
1243 3981 1337 4030 vidisse
1356 3983 1490 4035 videntur.
1508 4000 1587 4047 qnam

505 4080 634 4138 quantum
656 4076 803 4120 nostrorum
822 4068 985 4130 ingeniorum
1005 4069 1073 4114 aries
1091 4068 1186 4115 intueri
1205 4076 1289 4130 potest
1307 4097 1339 4105 —-
1357 4072 1425 4120 -eien
1447 4075 1490 4121 ein
1508 4076 1586 4123 hexa.

502 4170 587 4214 meter
613 4178 644 4225 -p-
670 4159 849 4224 pentaurelerl
874 4158 978 4205 Ebenso
1000 4156 1140 4206 liielurlielr
1163 4158 1199 4204 ist
1219 4174 1259 4217 es,
1281 4175 1354 4207 wenn
1373 4161 1411 4207 uls
1430 4161 1588 4213 llexnrneter

499 4254 649 4317 'augefilhrt
675 4252 739 4299 wird
766 4250 821 4301 Cic.
846 4264 884 4312 pr.
912 4248 1034 4297 Arelnl:
1057 4247 1082 4293 iu
1100 4262 1151 4308 qna
1172 4261 1214 4295 me
1232 4263 1282 4296 non
1303 4251 1405 4298 inlitum·
1422 4253 1588 4303 mediocriter

505 4358 561 4393 esse
577 4346 718 4392 versatum.

534 4434 558 4501 5)
592 4436 689 4485 Confer
704 4434 733 4483 in
749 4434 821 4483 bisce
836 4435 942 4483 textum
958 4431 1088 4481 additum.
