3524 5362
778 1080 920 1142 CAPUT
946 1081 969 1139 l.

417 1291 475 1372 Ill}
507 1289 722 1390 RATIONE,
751 1289 867 1394 Quin
896 1289 1334 1371 disterminum

532 1430 854 1512 turisruulun
883 1431 940 1510 ii
971 1431 1216 1514 seruistis.

375 1870 606 1960 Antisthenes
618 1898 764 1975 Cynicus
776 1902 863 1960 inter
874 1900 1015 1960 Socratis
1027 1900 1209 1959 familiares
1221 1900 1310 1960 haud
1322 1904 1420 1960 extri-

334 2027 388 2067 mo
409 2008 480 2067 loco
501 2007 727 2066 numerandus
742 2010 848 2082 egregi
863 2026 916 2066 arn
931 2007 1063 2066 laudem
1081 2008 1271 2082 praesertim
1287 2009 1421 2082 scripto-

333 2131 407 2172 rum
437 2129 572 2171 suorum
598 2114 691 2188 copia
716 2117 748 2172 et
772 2113 969 2172 excellentia
993 2112 1148 2170 obtinuit.
1194 2110 1327 2170 Etenim
1354 2131 1421 2171 non

333 2217 561 2294 philosophiae
584 2218 699 2277 morali
718 2219 826 2278 solum
841 2236 972 2294 operam
987 2217 1100 2290 dabat,
1116 2224 1153 2276 ut
1168 2216 1289 2294 reliqui
1311 2217 1421 2277 Socra-

332 2326 406 2399 tici,
438 2324 495 2384 sed
523 2326 622 2384 etiam
649 2326 841 2401 scriptorem
873 2324 1154 2384 studiosissimum
1177 2328 1209 2381 et
1231 2329 1365 2383 acutum
1387 2341 1421 2382 se

333 2431 509 2506 praestitit,
528 2431 584 2506 qui
600 2429 735 2489 dicendi
754 2435 822 2489 arte
840 2430 998 2504 singulari
1017 2429 1185 2504 praeditus
1199 2429 1274 2488 aliis
1291 2447 1422 2507 quoquc

333 2535 521 2612 disciplinis
543 2535 798 2609 diligentissime
813 2535 953 2594 studuit:
967 2534 1162 2606 rhetoricae,
1174 2536 1421 2608 grammaticae,

334 2642 533 2714 dialecticae,
565 2639 737 2715 physicae;
766 2640 854 2718 quod
886 2644 1048 2698 testantur
1072 2657 1148 2698 eum
1171 2641 1270 2698 ceteri
1298 2644 1422 2700 veteres

334 2749 506 2823 scriptores
539 2746 635 2804 multi
669 2752 741 2805 tum
774 2746 938 2821 Diogenes
967 2744 1114 2805 Laertius
1139 2745 1163 2822 ¹)
1191 2748 1248 2822 qui
1275 2746 1421 2805 indicem

333 2856 494 2915 librorum
516 2856 667 2915 servavit.
712 2853 761 2912 Ex
784 2854 905 2930 quibus
927 2853 1023 2912 libris
1039 2853 1152 2911 nullus
1168 2855 1295 2927 integer
1309 2852 1351 2911 ad
1362 2870 1422 2910 nos

334 2962 496 3037 pervenit;
518 2959 609 3019 tituli
631 2959 692 3018 soli
709 2964 741 3018 et
755 2958 977 3036 fragmenta2)
992 2962 1121 3016 tantum
1136 2963 1322 3034 supersunt.
1346 2956 1421 3016 Pos-

334 3068 447 3124 tremis
460 3070 571 3125 autem
583 3067 679 3124 annis
694 3064 792 3124 multi
807 3067 871 3124 viri
888 3065 976 3123 docti
988 3063 1016 3138 3)
1029 3063 1070 3121 ad
1082 3081 1178 3138 opera
1190 3063 1422 3122 Antisthenica

333 3173 482 3230 animuin
497 3171 724 3244 attenderunt,
740 3188 881 3248 quorum
894 3170 1075 3228 industriae.
1089 3175 1120 3228 et
1137 3171 1263 3244 ingenii
1274 3170 1421 3228 acumini

333 3276 502 3348 debemus,
528 3276 617 3353 quod
641 3276 699 3334 lux
725 3275 831 3334 multo
853 3275 971 3334 clarior
992 3276 1028 3332 in
1051 3274 1110 3333 hac
1133 3292 1167 3333 re
1190 3280 1239 3334 est
1258 3275 1422 3334 oborta—

333 3383 400 3455 sed‚
423 3382 511 3460 quod
533 3399 631 3440 nemo
653 3380 836 3451 dubitabit,
853 3380 910 3438 ubi
926 3397 1028 3454 pauca
1042 3379 1163 3437 adsunt
1177 3382 1367 3439 testimonia
1381 3381 1421 3439 de

333 3488 545 3548 Antisthenis
573 3493 641 3546 arto
669 3486 835 3546 scribendi
865 3485 960 3543 etde
983 3487 1121 3556 ratione,
1144 3503 1208 3562 qua
1229 3492 1422 3559 argumenta

334 3613 393 3654 sua
418 3601 554 3654 tractare
583 3594 721 3666 solebat,
743 3592 790 3652 ibi
814 3592 854 3651 ad
878 3592 997 3650 multas
1019 3598 1051 3649 et
1073 3591 1219 3650 diversas
1241 3594 1421 3652 sententias

367 3836 391 3901 ¹)
427 3839 502 3901 Diog.
520 3838 613 3899 Laert,
632 3836 682 3898 VI,
701 3837 804 3885 15-18.

366 3927 389 3990 ¹)
423 3928 591 3977 Antisthenis
620 3927 770 3990 fragmenta
799 3923 907 3986 collegit
936 3929 962 3972 ct
992 3923 1074 3972 edidit
1102 3925 1132 3974 A.
1158 3924 1189 3972 (i.
1216 3923 1420 3974 Winckelmonu

333 4019 419 4068 Turiri
439 4019 511 4068 lala.
545 4018 675 4066 blulloch:
693 4018 799 4078 Fragm.
819 4015 914 4064 l‘hilos.
932 4015 1023 4063 Gracc.
1042 4013 1076 4064 ll.

364 4106 390 4171 ⁸)
424 4108 474 4158 nd.
492 4108 612 4157 Mueller:
639 4107 676 4157 Dc
694 4105 862 4155 Antisthenis
879 4106 936 4153 vita
957 4108 985 4153 et
1002 4103 1107 4168 scriptis
1125 4118 1209 4168 progr.
1227 4131 1258 4141 -
1273 4104 1421 4169 chappuis:

335 4198 501 4248 Antisthene.
513 4224 545 4233 -
568 4197 733 4246 Duemmler:
751 4195 935 4244 Antisthenicn
944 4206 972 4243 ct
982 4193 1152 4244 Akadcmika.
1164 4221 1196 4230 -
1209 4194 1421 4243 illuminatione

336 4287 530 4338 Brrcdsanikeit
557 4287 593 4338 ll.
618 4314 651 4323 -
676 4286 707 4337 ll.
734 4286 843 4335 Weber:
870 4286 909 4333 Dc
936 4284 1020 4333 Dieuc
1049 4284 1235 4346 Clrrysostomo
1263 4283 1422 4346 Cynicorum

333 4384 464 4427 sectatore
483 4378 510 4425 in
529 4376 603 4426 stud.
623 4376 693 4440 Lips.
714 4375 828 4426 l8Sl.-
840 4373 874 4423 ll.
894 4388 944 4420 von
961 4372 1069 4420 Arnim:
1089 4371 1176 4421 lachen
1195 4373 1249 4422 und
1269 4372 1362 4422 Werke.
1377 4374 1422 4421 (les

346 4469 394 4516 Dio
412 4483 462 4516 von
481 4468 569 4517 l’ruea.
586 4493 616 4502 -
634 4465 708 4515 loel:
728 4465 781 4513 Der
798 4463 874 4513 echte
891 4461 945 4510 und
962 4460 1008 4510 der
1023 4461 1259 4525 Xenophontischc
1278 4462 1408 4512 Sokrates.

1279 4551 1299 4612 1
