3524 5362
928 698 965 757 V.

445 876 508 935 Dio
530 874 645 950 Chrys.
668 875 753 935 Orat.
778 874 873 934 Vlll.
903 873 917 953 ξ
942 872 981 934 35
1004 875 1060 952 (de
1081 878 1225 954 Arnim).

483 1041 524 1050 -
546 1003 651 1081 δείξας
674 1009 721 1071 ὅτι
744 1003 837 1073 οὐδὲν
858 1003 971 1078 ἄξιον
991 1005 1150 1092 ἐφρόντιζε
1171 1015 1228 1070 τοῦ
1249 1014 1393 1093 πυρετοῦ·

444 1134 622 1211 Expunge:
646 1132 746 1206 ἄξιον.

445 1524 573 1584 Lucrel.
595 1524 634 1584 V.
656 1523 726 1585 312.

508 1656 652 1732 denique
681 1674 747 1713 non
780 1657 984 1714 monimenta
1019 1658 1129 1714 virum
1162 1656 1287 1731 dilapsa
1316 1657 1491 1715 ridemus?

506 1804 660 1862 quaerere
675 1785 691 1855 i
707 1803 861 1861 proporro
883 1786 979 1856 sibil
1001 1804 1142 1864 cumque
1164 1804 1329 1845 senescere
1351 1786 1470 1846 credas.

444 1914 566 1974 Versus
587 1918 632 1974 ita
655 1916 877 1974 constituendi
900 1923 994 1975 sunt:

506 2044 650 2121 denique
686 2064 752 2104 non
789 2048 992 2105 monimenta
1024 2048 1135 2105 virum
1167 2047 1291 2121 dilapsa
1327 2045 1492 2119 videmus

508 2176 623 2234 cedere
646 2194 813 2251 proporro,
836 2176 1054 2252 quodcunque
1076 2193 1242 2235 senescere
1264 2179 1398 2236 cernas?

912 2411 988 2471 VII.

447 2567 574 2627 Luciet.
597 2567 637 2626 V.
660 2565 832 2627 simul:
903 2598 906 2603 ·

488 2697 552 2756 Sed
583 2715 689 2774 neque
717 2696 872 2755 Centauri
900 2697 1050 2765 fuerunt,
1079 2715 1139 2756 nec
1160 2708 1306 2772 tempore
1328 2699 1362 2754 in
1386 2698 1454 2756 ullo

490 2846 559 2886 esse
580 2836 742 2903 queunt
765 2826 891 2901 duplici
914 2832 1028 2885 natura
1051 2834 1081 2885 et
1104 2844 1236 2902 corpore
1258 2828 1337 2885 bina

490 2977 530 3016 ex
551 2958 744 3031 alienigenis
767 2957 924 3016 membris
945 2964 1127 3032 compacta,
1153 2965 1292 3032 potestas

488 3089 567 3147 hinc
591 3088 684 3146 illinc
707 3089 841 3163 partis
863 3092 897 3144 ut
921 3104 988 3144 non
1011 3104 1068 3161 par
1088 3104 1157 3145 esse
1179 3089 1316 3162 potissit.

447 3216 532 3290 Lege
555 3215 614 3276 819
636 3235 697 3292 sq.:

488 3364 557 3405 esse
578 3353 673 3423 queat
697 3346 823 3421 duplici
847 3358 976 3418 natura,
998 3353 1030 3405 et
1052 3364 1185 3421 corpore
1205 3346 1285 3405 bino

487 3496 528 3536 ex
550 3479 747 3551 alienigenis
769 3479 927 3537 membris
949 3485 1114 3553 compacta
1139 3486 1293 3553 mestas·

488 3611 567 3670 hinc
590 3612 685 3669 illinc
708 3612 808 3669 facies
830 3622 865 3668 ut
888 3630 955 3670 nou
977 3629 1035 3686 par
1055 3628 1124 3669 esse
1145 3613 1283 3685 missit.

903 3845 998 3903 VIII.

448 3997 515 4059 Cic.
539 3999 624 4057 Lael.
647 3999 715 4058 XII
740 3999 818 4075 (41).

531 4131 671 4189 Deilexit
702 4134 792 4189 enim
815 4133 881 4189 iam
903 4129 1147 4206 aliquantulum
1169 4129 1210 4186 de
1232 4131 1336 4204 spatio
1352 4131 1493 4186 curricu-

489 4263 585 4338 loque
607 4261 860 4321 cunsuetudo
882 4262 1053 4318 urniorum.

449 4391 546 4465 Lege:
567 4397 729 4450 consuetu.
