3524 5362
870 444 909 514 84

347 631 442 692 multi
458 638 494 692 ut
509 631 594 706 dixi,
610 637 756 693 auctores
770 635 794 712 ¹)
806 633 1059 710 descripserunt,
1071 654 1233 697 summam
1245 635 1378 716 quidem
1390 653 1432 695 ex

347 740 489 800 Homero
514 739 715 815 petiverunt,
737 740 794 798 sed
815 742 903 798 varie
925 740 957 799 in
978 759 1049 800 rem
1070 760 1163 802 suam
1184 742 1305 818 singuli
1327 747 1431 801 muta·

345 848 465 903 verunt
484 850 540 904 aut
560 847 688 920 copiose
709 845 959 904 adornaverunt.
993 845 1061 920 Sic,
1077 853 1113 906 ut
1124 848 1314 924 exemplum
1327 854 1430 907 muta-

345 953 444 1011 tionis
476 950 640 1027 quoddam
673 948 822 1021 affernm,
854 966 958 1026 quum
991 950 1153 1013 Homerus
1186 971 1231 1015 vs.
1264 951 1322 1013 545
1344 951 1431 1012 filios

345 1054 562 1131 Trojanorum
577 1060 610 1114 et
626 1054 810 1115 Minervam
825 1057 949 1115 iudices
961 1074 1029 1116 esse
1040 1058 1199 1117 voluisset
1209 1057 1250 1134 ad
1264 1076 1354 1117 arma
1365 1058 1430 1118 dis-

344 1161 519 1232 cernenda,
552 1159 692 1220 Lesches
713 1161 740 1237 ²)
774 1163 810 1219 in
842 1178 941 1236 parva
974 1161 1077 1221 Iliade
1103 1162 1259 1238 Troianas
1284 1164 1430 1238 virgines

344 1265 514 1327 constituit
535 1267 679 1340 iudices,
702 1265 860 1326 Pindarus
871 1269 898 1346 ³)
913 1267 1056 1340 Danaos,
1073 1266 1250 1344 Sophocles
1260 1267 1287 1346 ⁴)
1300 1267 1430 1327 Atridas

343 1371 445 1432 fuisse
468 1373 594 1433 iudices
615 1371 715 1446 dixit,
736 1372 921 1448 Aeschylus
932 1374 959 1451 ὖ)
981 1373 1149 1434 Nereides.
1183 1373 1302 1433 Itidem
1313 1372 1347 1432 in
1359 1373 1429 1432 aliis
1489 1382 1493 1391 “

344 1494 473 1555 qnoque
495 1480 582 1538 inter
603 1496 636 1538 se
658 1477 842 1555 discrepant
861 1485 1016 1539 auctores.

385 1582 568 1656 Orationes,
601 1584 718 1662 quibus
739 1603 757 1644 a
780 1584 924 1659 Diogene
947 1583 1073 1645 Laertio
1094 1601 1216 1644 nomen
1237 1577 1428 1659 impositum

343 1692 411 1747 erat
449 1689 670 1763 Antisthenis,
711 1696 800 1762 sunt,
837 1698 873 1750 ut
910 1690 1068 1763 vidimus,
1105 1690 1356 1750 declamationes
1387 1689 1428 1748 ad

342 1792 557 1855 imitationem
586 1795 665 1869 fori,
698 1814 854 1871 egenere
878 1795 1022 1857 iudiciali
1048 1796 1154 1866 fictae3
1181 1797 1265 1856 hanc
1286 1796 1428 1855 formam

342 1918 409 1959 non
430 1901 556 1960 obstare
577 1899 734 1975 genuitati
747 1901 775 1977 6)
797 1900 860 1961 iam
880 1919 978 1978 supra
993 1901 1208 1975 ostendimus,
1226 1919 1302 1961 nam
1317 1899 1428 1960 Antis·

341 2006 456 2065 thenes
472 2005 688 2082 sophistarum
703 2009 846 2085 aequalis
858 2026 894 2067 ac
906 2006 1239 2085 diligensdiscipulus
1250 2006 1325 2067 fieta
1334 2023 1427 2066 accu-

340 2111 471 2173 sationis
496 2130 532 2172 ac
557 2113 757 2174 defensionis
778 2113 955 2190 specimina
976 2114 1121 2190 proiecto
1143 2131 1161 2172 a
1183 2112 1343 2188 magistris
1362 2111 1427 2172 illis

341 2211 510 2277 desumere
533 2218 691 2296 potuit‚⁷)
713 2219 790 2278 inde
812 2237 1019 2297 nequaquam
1042 2217 1235 2290 Quintiliani
1260 2218 1300 2277 de
1321 2218 1426 2277 decla-

341 2322 538 2383 mationibus
563 2323 721 2384 eiusmodi
741 2323 839 2384 nimis
858 2330 945 2384 certo
966 2323 1086 2383 iudicio
1104 2324 1184 2384 fides
1201 2325 1352 2384 habenda
1368 2330 1426 2383 est.

380 2427 498 2488 Forma
529 2447 566 2488 ea
597 2430 778 2502 iudicialis,
810 2449 875 2508 quo
906 2430 1079 2489 referenda
1110 2433 1166 2503 sit,
1194 2447 1283 2489 nunc
1306 2432 1426 2488 iterum

371 2743 394 2807 ¹)
428 2746 563 2794 arctinus:
583 2744 700 2805 Δίθιοπίς
717 2773 747 2782 -
768 2745 889 2795 Lesches:
901 2745 991 2806 ’Ἰλιὰς
1008 2747 1083 2812 μικρά
1101 2775 1134 2783 -
1151 2746 1427 2811 Aeschylue:''0uluv

336 2837 415 2900 κρίσις
440 2863 471 2872 -
498 2836 625 2886 Pacuvius
652 2841 679 2885 et
697 2837 802 2885 attius:
830 2837 1114 2885 Armorumiudicium
1141 2865 1173 2872 -
1201 2837 1314 2893 Quintus
1340 2838 1426 2900 Smyr-

336 2941 427 2975 naeus:
455 2926 646 2976 Posthomerica
671 2927 693 2973 V
718 2941 754 2975 vs.
783 2928 886 2975 1-332.
913 2953 943 2962 -
971 2927 1006 2977 M.
1032 2927 1135 2975 Terent.
1161 2925 1254 2974 Varro:
1285 2928 1425 2975 Armorum

336 3016 462 3065 iudicium
488 3021 515 3066 et
534 3017 693 3080 Pomponius
711 3015 844 3064 Secundus
861 3015 895 3064 id.
913 3016 962 3078 (ci.
980 3015 1054 3064 Riese
1073 3029 1097 3078 p.
1116 3015 1177 3076 104)
1196 3014 1319 3062 Ovidius:
1345 3015 1425 3071 lleta,

337 3106 485 3170 morphoses
501 3106 572 3154 Xlll
591 3121 627 3155 vs.
647 3107 749 3155 1-384.
767 3106 866 3168 (Multa
883 3106 975 3154 sumsit
991 3121 1007 3154 a
1025 3106 1061 3154 M.
1080 3106 1170 3154 Porcio
1188 3103 1317 3164 Latrone,
1335 3105 1425 3166 quiet

335 3195 392 3258 ipse
409 3195 441 3243 dc
459 3195 549 3245 eodem
562 3202 716 3256 argumento
727 3195 888 3258 scripserat.)
901 3196 935 3244 cf.
949 3195 1040 3244 Rosch.
1051 3195 1113 3244 Lex.
1123 3195 1141 3244 i.
1151 3209 1207 3243 voc.
1220 3195 1282 3242 Aias
1293 3221 1325 3231 -
1344 3195 1424 3257 Odys-

337 3298 403 3333 seus.
421 3288 449 3332 et
472 3283 502 3334 0.
518 3283 610 3333 Jahnii
626 3284 770 3334 editionem
789 3285 896 3334 Metam.
917 3285 1012 3335 Ovidii.
1037 3312 1070 3320 -
1096 3285 1240 3333 Hermann.
1259 3284 1345 3348 Opuse
1364 3284 1424 3332 VII.

337 3387 361 3436 p.
380 3375 428 3422 362
445 3388 482 3436 sq.

369 3461 393 3525 ¹)
427 3464 461 3513 ef.
481 3464 566 3514 Schol.
583 3465 616 3513 ad
634 3465 713 3514 Arist.
734 3465 821 3528 Equit.
840 3468 910 3515 1065.

368 3550 392 3614 ³)
426 3552 650 3605 Nemvnula.

367 3644 391 3705 ⁴)
427 3642 458 3691 ln
475 3646 561 3694 Aiace.

368 3730 393 3794 ⁸)
427 3733 585 3796 Aeschylum
611 3748 655 3783 eas
679 3734 779 3783 iudices
804 3749 859 3783 esse
879 3734 989 3782 voluisse
1009 3738 1119 3797 apparet
1145 3749 1158 3782 e
1183 3733 1264 3783 schol.
1282 3733 1315 3782 ad
1334 3733 1417 3780 Arist.

336 3823 448 3871 Acham.
467 3823 526 3882 sla,
544 3825 600 3873 882.
619 3823 707 3872 Herm.
725 3824 818 3886 Opusc.
837 3823 890 3872 Vll
907 3839 931 3887 p.
949 3825 1005 3874 363.

367 3909 391 3972 ⁶)
424 3911 459 3960 ci.
476 3926 543 3973 qnae
559 3912 641 3960 attuli
657 3917 751 3961 contra
769 3913 925 3962 Muellerum
942 3913 971 3961 in
989 3912 1073 3976 primo
1090 3913 1184 3976 eapite.

367 3998 392 4062 7)
426 4002 459 4049 et.
484 4002 594 4064 Gorgiae
618 4002 795 4062 Palamedem,
822 4003 951 4052 Helenam
972 4030 1003 4038 -
1023 4002 1215 4050 Alcidamantis
1241 4002 1348 4051 Ulixem
1369 4005 1421 4050 cet.

336 4091 459 4141 Isocratis
484 4096 599 4156 tempore
631 4094 780 4156 Polycrates
801 4094 905 4142 laudem
923 4093 950 4140 in
968 4093 1112 4141 Busiridem
1133 4091 1250 4154 scripsit;
1272 4091 1421 4154 —copioso

334 4180 456 4245 disputat
493 4182 525 4232 de
555 4184 625 4232 fictis
655 4183 782 4232 eiusmodi
813 4183 984 4231 oratiunculis
1015 4182 1087 4229 Blass
1117 4181 1144 4227 in
1181 4180 1262 4242 praef.
1292 4179 1327 4226 ad
1357 4182 1420 4228 Ant.

334 4285 359 4334 p.
377 4271 435 4321 XV.
453 4287 489 4335 sq.
507 4273 547 4323 ed.
566 4274 586 4324 l.

369 4362 439 4410 Keil:
457 4362 568 4411 Hermes
584 4363 654 4410 XIX
672 4376 696 4425 p.
714 4364 761 4410 649
778 4377 811 4411 ex
828 4361 906 4411 Arist.
925 4361 1002 4409 Rhet.
1019 4360 1069 4409 ΙΙΙ.
1091 4361 1119 4407 ll
1133 4358 1268 4407 concludit
1277 4356 1419 4406 Alexandri

335 4455 479 4502 orationem
496 4454 586 4502 eadem
603 4454 706 4502 ratione
722 4454 892 4515 compositam
909 4451 990 4499 fuisse
1006 4465 1036 4499 uc
1054 4449 1131 4512 Gorg.
1149 4448 1246 4498 Palam.
