3796 5430
924 450 963 513 29

439 634 559 699 Utinm
576 631 829 705 observavimus,
845 631 977 707 Gorgias
992 633 1167 695 rhetoricae
1183 634 1380 693 cantianae
1392 636 1488 694 unice

401 742 529 801 efficere
550 740 677 812 studet,
700 744 735 796 ut
757 755 849 797 altres
871 752 1075 799 commoveat
1096 758 1251 799 sonorum
1271 740 1489 801 concinnitate

403 848 647 923 figurarumque
673 848 820 903 accincta
841 842 1090 919 compositione:
1114 847 1223 921 itaque
1244 851 1489 919 argumentum,

401 954 442 1013 de
464 971 529 1031 qno
551 952 630 1025 agit,
653 952 681 1009 ei
707 948 841 1008 minoris
863 954 910 1008 est¹
933 950 1104 1010 momenti:
1127 950 1159 1010 iu
1176 956 1304 1009 tuntum
1319 953 1489 1026 spectanti,

402 1058 567 1136 quomodo
589 1053 836 1115 nmltit-ntlinem
860 1053 991 1127 ingenio
1012 1073 1071 1115 siro
1088 1062 1226 1114 moveat.
1239 1056 1264 1131 ¹)
1280 1054 1385 1126 Quare
1401 1056 1489 1134 qine-

402 1163 481 1243 quiel
506 1163 567 1223 erit
587 1159 757 1222 sententiis
778 1166 834 1219 aut
856 1158 1001 1235 cogitatis
1023 1161 1094 1219 lere
1117 1162 1168 1219 vel
1190 1163 1359 1237 jejunum,
1383 1165 1490 1224 verbis

402 1267 561 1339 nitidum,
594 1265 706 1341 figuris
738 1266 935 1338 iucundum,
968 1264 1233 1326 translationibus
1265 1269 1485 1343 magnificum,

402 1372 635 1449 compositione
664 1371 864 1430 elaboratum
888 1389 956 1429 esse
978 1372 1087 1441 <leben
1111 1391 1185 1431 narn
1208 1373 1269 1433 scit
1290 1374 1363 1434 talis
1385 1388 1492 1436 orator

404 1482 472 1556 (alit
495 1478 621 1557 auctor)
643 1482 799 1536 eventum
820 1476 861 1535 ad
884 1493 917 1535 se
940 1475 1047 1553 ipsum
1070 1479 1198 1537 nouat
1221 1498 1349 1539 causam
1366 1482 1490 1542 referri.

443 1586 491 1645 Ac
527 1584 612 1657 virle,
647 1582 724 1661 quid
761 1580 892 1641 differat
927 1581 1148 1643 Antisthenes.
1196 1583 1323 1643 Profert
1358 1586 1490 1663 quidem

403 1690 541 1749 eundem
570 1694 683 1761 artem,
710 1684 843 1763 usurpat
865 1687 978 1745 eadem
1000 1686 1148 1761 artificia,
1171 1689 1226 1748 sed
1249 1689 1396 1767 sequitur
1416 1710 1491 1751 con·

402 1792 512 1855 silium
545 1811 676 1870 prorsus
708 1793 885 1853 diversum.
931 1792 1015 1863 Quid
1048 1795 1134 1854 enim
1162 1795 1295 1855 stultius
1316 1816 1414 1874 qnenn
1436 1809 1492 1875 τῆς

403 1897 536 1975 ἀδοξίας
550 1900 578 1977 ³)
601 1898 801 1958 laudatorem
824 1899 865 1958 ael
888 1898 993 1957 landis
1013 1908 1069 1957 urit
1083 1900 1203 1973 gloriae
1220 1900 1317 1960 linem
1334 1904 1490 1962 tendere?

404 2005 462 2064 llst
483 2004 696 2081 philosophus
717 2011 749 2063 et
771 2003 900 2063 momlis
917 2002 1061 2080 (pridem,
1077 2007 1224 2081 proponit
1240 2016 1327 2066 certa
1341 2010 1492 2084 exenrpla

405 2110 564 2170 virtutum
597 2116 628 2168 et
660 2108 830 2181 vitiorum,
864 2108 1025 2185 vituperat
1045 2111 1199 2170 audacter
1220 2113 1362 2191 reliquos
1384 2114 1491 2175 inania

404 2215 581 2292 cupientes,
604 2214 748 2291 increpat
771 2214 948 2274 insolenter
971 2233 1075 2275 mores
1090 2218 1274 2293 aequalium
1291 2221 1491 2297 depravatos,

404 2322 469 2382 suis
501 2320 679 2398 praeceptis
710 2322 751 2380 ad
784 2320 915 2380 meliora
947 2320 1050 2391 ducit,
1083 2328 1184 2381 semet
1207 2322 1314 2400 ipsum
1336 2330 1491 2403 tanquam

405 2446 498 2487 verae
531 2426 663 2486 vivendi
695 2425 828 2486 rationls
860 2427 1049 2501 exemplum
1082 2427 1187 2488 ollert.
1242 2430 1352 2502 Quum
1382 2437 1491 2491 autem

405 2532 607 2608 sagacissime
640 2539 788 2592 catinam
823 2531 994 2591 hominnm
1023 2533 1205 2608 perspiciat,
1228 2536 1310 2594 bene.
1333 2536 1491 2597 intellexit

405 2644 437 2697 et
458 2638 558 2698 sensit
579 2656 788 2698 ccmnnmem
815 2656 1010 2709 sennonem,
1025 2639 1194 2713 vulgarem
1211 2642 1383 2701 verborum
1406 2661 1492 2701 com-

406 2743 596 2820 positionem
631 2748 662 2802 et
684 2762 826 2815 sensnm,
848 2744 888 2802 a‹l
911 2743 1045 2803 consilia
1066 2762 1123 2803 sna
1144 2747 1405 2806 commendanda
1426 2766 1492 2806 non

405 2848 481 2909 sutis
503 2850 620 2909 valere.
653 2848 742 2925 Opus
764 2848 792 2908 ei
810 2854 872 2921 est,
889 2858 923 2908 nt
940 2868 1015 2909 cum
1032 2849 1184 2909 Cicerone
1202 2852 1328 2928 loquar,
1344 2870 1493 2913 sermone

407 2973 523 3015 nervos
544 2962 576 3013 et
597 2955 726 3014 aculeos
748 2955 897 3027 habente,
908 2954 935 3033 ³)
959 2962 995 3014 ut
1016 2964 1149 3032 pungat,
1166 2962 1201 3015 ut
1217 2956 1318 3016 irritet
1334 2958 1492 3019 homines.

408 3061 533 3120 Idcirco
546 3060 579 3119 in
595 3060 762 3138 Cynicis⁴)
783 3060 1021 3120 elocutionibus
1036 3067 1129 3122 aetna
1144 3062 1299 3122 acerbitas
1307 3065 1345 3141 ⁵),
1357 3065 1493 3137 agrestia

440 3299 463 3362 ¹)
498 3301 588 3357 Quint.
608 3300 734 3351 lassor.
754 3301 832 3351 l'lll.
850 3303 873 3351 3.

439 3386 463 3447 ¹)
500 3390 573 3451 Diog.
592 3388 679 3437 Laert.
692 3388 722 3445 V,
743 3392 766 3436 ll
784 3417 816 3424 -
828 3389 878 3449 τήν
895 3408 920 3439 rt
939 3390 1047 3443 ἀδοξίαν
1065 3392 1165 3457 ἀγαθὸν
1182 3395 1223 3442 καὶ
1242 3396 1299 3443 ἴσον
1317 3398 1353 3460 τῷ
1371 3397 1493 3460 πόνῳ-

407 3480 521 3527 nominis
553 3479 740 3528 olscnritatem
779 3480 908 3541 Diogenes
935 3497 1038 3544 «proque
1066 3484 1239 3533 sommendat.
1261 3485 1295 3533 el.
1321 3488 1378 3533 ΛΠ.
1406 3485 1493 3548 llpiot.

410 3569 433 3627 l,
450 3572 492 3618 24:
511 3568 609 3625 εὐδοξία
626 3568 709 3634 ψόφος
727 3570 780 3617 ἐστὶ
798 3570 962 3635 μαινομὲνων
979 3571 1132 3636 ἀνθρώπων.

438 3657 463 3722 ⁸)
497 3660 554 3709 loel
573 3674 597 3723 p.
616 3660 673 3707 507:
699 3659 745 3707 ills
763 3660 823 3707 selu·
841 3660 966 3708 sverksam
991 3661 1099 3708 rillimen
1117 3662 1144 3722 jn
1161 3663 1228 3710 arieli
1246 3664 1288 3711 ilie
1307 3666 1434 3727 Spiitercn
1451 3666 1494 3713 ‹lie

407 3750 634 3799 antistlrenisehcu
654 3751 786 3798 Schriften
807 3750 859 3796 und
877 3750 919 3797 oie
939 3750 1076 3809 lliselnmg
1096 3766 1145 3797 von
1163 3753 1338 3802 alkratisclrer
1354 3755 1494 3813 llialektilr,

406 3841 600 3901 gorgianiseber
631 3841 820 3890 llererlsamkcit
857 3841 911 3888 mul
944 3841 1084 3904 kyniselrer
1117 3841 1256 3901 tlernneit,
1282 3843 1328 3891 ‹ler
1354 3844 1493 3892 lteielrtum

407 3928 566 3979 ‹trustiselier
597 3930 687 3979 Bilrler
713 3930 767 3977 nnn
793 3931 968 3978 untitlietiselr
995 3931 1083 3978 selrarf
1108 3931 1292 3991 gesclrliflener
1311 3933 1421 3981 l'ointen
1440 3934 1494 3981 niul

408 4019 521 4068 Termini
548 4026 646 4068 musae
671 4020 751 4069 iltnen
777 4021 820 4067 ein
838 4020 1062 4077 einelrnekvolles,
1088 4021 1349 4069 clrarakteristisches
1375 4024 1494 4085 (lepriige

407 4109 502 4171 geben,
520 4109 555 4158 ob
572 4125 626 4158 nun
644 4110 711 4157 :nich
729 4109 771 4156 ‹lie
791 4109 918 4171 ll'irkung
937 4110 1009 4157 meln·
1027 4110 1162 4171 arnegeml
1179 4110 1218 4157 als
1236 4110 1416 4169 iiberzeugeml
1433 4127 1494 4161 war.

441 4197 465 4259 ⁴)
500 4197 645 4248 Veritatem
659 4199 771 4262 Cynicos
782 4212 870 4249 omnes
883 4215 945 4263 prae
954 4200 1074 4248 ornnilms
1083 4201 1217 4248 alama-se
1226 4204 1338 4249 constat.
1356 4202 1391 4250 ef.
1401 4200 1495 4250 Weber

408 4302 434 4351 p.
453 4290 589 4340 lul-189.

441 4375 465 4441 ⁸)
499 4378 670 4427 Antisthenes
692 4393 734 4442 up.
761 4380 833 4440 lliog.
857 4378 945 4428 Laert.
968 4379 1016 4438 Vl,
1039 4380 1064 4427 3:
1086 4380 1195 4443 μανείην
1219 4378 1321 4443 μᾶλλον
1346 4379 1362 4438 ἡ
1388 4378 1496 4442 elabetur

409 4470 516 4531 (eontra
531 4468 716 4532 Aristippum).
