3524 5362
441 622 488 684 ὅτι
511 615 560 684 διὰ
582 620 620 685 τὰ
642 615 746 695 ὀνείδη
767 620 805 684 τὰ
828 620 883 703 ἐμὰ
906 619 1088 705 σῳζόμενος
1107 619 1172 706 οὐχ
1186 618 1256 692 οἶός
1270 645 1300 683 τε
1313 618 1339 683 εί
1350 620 1522 689 πείθεσθαι,

441 725 527 790 ἀλλὰ
549 732 596 792 καὶ
618 725 841 813 πρασαπιιλεῖς
863 727 907 802 ὡς
929 726 1023 791 κακὸν
1046 720 1174 814 δράσων
1190 752 1217 789 τι
1239 720 1361 794 τούσδε,
1383 724 1437 788 ἐὰν
1458 726 1524 806 ἐμοὶ

440 831 478 895 τὰ
501 831 585 898 ὅπλα
606 835 814 918 ψηφίσωνται.
849 834 911 916 ἐγὼ
934 827 1043 904 δὀίδα,
1065 832 1110 907 ὡς
1133 836 1180 897 καὶ
1203 830 1361 906 πολλάκις
1381 857 1418 914 γε
1441 829 1525 896 ἄπει·

443 935 553 1013 λήσεις
586 942 633 1003 καὶ
662 937 788 1008 πολλά,
821 942 897 1019 πρὶν
931 942 979 1003 καὶ
1006 939 1138 1025 σμικρόν
1164 965 1192 1001 τι
1214 937 1425 1023 ἐργάσασθαι·
1448 933 1525 1000 ἀλλ’

444 1042 527 1131 εἴπερ
555 1046 586 1109 ἐκ
613 1047 676 1107 τῶν
702 1045 829 1108 εἰκότων
856 1072 884 1108 τι
912 1044 975 1129 χρὴ
1001 1044 1231 1129 τεκμαίρεσθαι,
1262 1041 1322 1106 ὑπὸ
1348 1050 1413 1116 ricc
1431 1051 1525 1117 κακῆς

401 1113 430 1192 6)
444 1152 544 1237 ὀργῆς
565 1151 671 1233 οἴομαί
692 1179 725 1216 σε
747 1153 843 1216 κακόν
864 1177 892 1215 τι
915 1151 1031 1215 σαυτὸν
1052 1150 1251 1237 ἐργάσεσθαι·

485 1261 544 1320 Καὶ
565 1259 631 1339 ἐμοὶ
653 1259 719 1338 μέν,
741 1259 787 1323 ὅτι
811 1256 966 1342 (λάθρη)
980 1257 1056 1330 τοὺς
1077 1254 1246 1338 πολεμίους
1262 1260 1364 1330 κακῶς
1381 1251 1523 1330 ἐποίησα,

440 1417 562 1480 δράσαντι
573 1445 606 1454 -
614 1416 661 1482 ἐγὼ
673 1416 752 1467 δὀίίιι
764 1418 798 1476 ὡς
809 1422 868 1481 post
880 1416 968 1481 ψηφίσ.
986 1416 1046 1465 add.
1064 1415 1105 1474 b.,
1117 1415 1205 1478 scripu.
1219 1415 1267 1465 Bk.
1280 1430 1329 1466 om.
1344 1414 1404 1466 Rsk.
1415 1419 1442 1464 ct
1456 1418 1481 1465 S.
1493 1442 1524 1449 -

441 1524 468 1572 γε
486 1515 544 1570 post
561 1507 686 1566 πολλάκις
705 1522 753 1556 om.
772 1506 799 1555 C.
818 1507 865 1555 Bk.
884 1507 972 1570 scrips.
991 1506 1071 1555 Blass.
1089 1504 1114 1555 dt
1134 1506 1157 1554 S.

472 1598 570 1646 σαυτὸν
586 1596 742 1661 ἐργάσασθαι
761 1596 789 1646 C.
806 1597 832 1645 J.
850 1596 885 1645 il.
903 1596 935 1643 N.
953 1595 999 1654 X.‚
1019 1595 1066 1643 Bk.
1086 1595 1123 1653 8.,
1141 1593 1292 1659 ἐργάσεσθαι
1311 1594 1399 1657 saph.
1417 1594 1497 1642 Bluss

472 1685 493 1749 ⁶)
519 1688 579 1744 roric
587 1687 735 1751 πολεμίονςῑ
744 1686 826 1746 „adde
834 1686 935 1751 λάθρα”
946 1686 1027 1734 Blass.
1035 1685 1076 1733 ed.
1086 1684 1121 1733 ΙΙ.
1131 1684 1189 1733 -εἷ
1197 1703 1220 1734 τι
1230 1689 1343 1748 φανερῶς
1351 1684 1454 1733 mavult
1463 1683 1524 1743 Rau,

441 1774 637 1826 riustri-ar·
655 1751 850 1841 antepsrddcl.
869 1777 904 1833 s.;
924 1775 1005 1824 arasa.
1021 1775 1062 1823 ea
1072 1775 1100 1822 11
1113 1773 1233 1822 adnot-at:
1244 1773 1308 1821 oum
1319 1773 1335 1833 η
1348 1772 1445 1833 acturi,
1457 1788 1524 1822 som-

441 1871 510 1914 mate
521 1869 581 1928 post
588 1867 673 1929 μάτην
679 1866 875 1930 posit0‚puucto
885 1872 943 1928 pust
952 1865 1029 1924 ἦσθα,
1037 1863 1161 1924 interrog.
1168 1862 1250 1924 signis
1259 1868 1318 1926 post
1328 1865 1391 1912 εἶναι
1399 1867 1426 1912 et
1434 1863 1524 1927 λέγεις.

440 1982 472 1990 -
481 1953 668 2019 ταῦτ’ίδρασας
684 1955 712 2006 O.
729 1955 798 2012 usk„
812 1955 858 2003 Bk.
870 1956 946 2003 reiro
955 1952 1052 2017 δμάσας
1063 1952 1088 2002 J.
1101 1952 1138 2001 M.
1149 1952 1183 2001 N.
1195 1952 1229 2002 X.
1241 1952 1275 2010 b.,
1286 1966 1329 2001 rec
1341 1952 1374 2010 S..
1385 1953 1431 2002 οἴει
1442 1951 1525 2017 τούτῳ

445 2174 566 2223 servilem
583 2173 611 2221 in
629 2173 735 2222 modum
754 2172 846 2221 Ulixes
857 2176 954 2219 tracta·

445 2267 488 2312 tus
504 2263 606 2323 fuerat,
627 2262 689 2312 Rsk.
701 2290 732 2297 —
745 2261 880 2310 πείθεσθαι
898 2274 954 2323 pas·

444 2353 500 2401 sive
515 2351 711 2415 accipiendum,
721 2349 760 2402 iu
769 2349 875 2401 σίσωσιιι
884 2349 954 2415 δι’ὲμί

445 2440 631 2504 explicationis
648 2454 737 2499 causa,
755 2439 858 2488 addidit
877 2439 937 2488 Rsk.

478 2530 656 2594 προσαπειλιῖς
668 2529 798 2578 iudicibus
809 2543 912 2592 nempe,
925 2532 956 2576 ut

444 2619 509 2668 fecit
526 2619 567 2668 Αἰ.
585 2622 607 2668 8.
627 2647 660 2656 -
676 2619 836 2683 ψηφίσωνται
857 2620 891 2668 ef.
914 2619 955 2668 Ai.

444 2712 467 2760 8.
491 2737 523 2744 -
548 2709 595 2774 ἐγὼ
624 2709 702 2759 δὀίδιι
723 2710 757 2768 ὡς
782 2725 798 2758 a
823 2710 955 2774 plerisque

444 2798 588 2848 cditoribus
605 2800 739 2861 omissum,
760 2814 820 2848 cum
838 2800 955 2848 Bekkero

443 2888 557 2937 retinere
583 2889 674 2949 velim,
700 2904 761 2937 nam
787 2889 824 2937 sic
845 2890 911 2938 bene
928 2903 955 2937 se

443 2978 523 3026 habet
541 2979 681 3027 sententia.
705 2979 833 3039 „Miraris
850 2982 955 3027 tantum

444 3067 515 3125 Aias,
533 3081 580 3128 ego
597 3072 686 3115 autem
704 3068 769 3116 scio
786 3073 813 3116 tc
830 3068 882 3116 iam
900 3082 954 3116 sac-

445 3156 505 3218 pius
522 3156 607 3204 minas
622 3157 794 3210 iactaturum.
812 3160 954 3218 autequam

443 3245 477 3292 ad
495 3258 535 3293 res
552 3245 714 3308 pervenias.''
776 3270 781 3283 ·

475 3331 499 3396 ⁶)
532 3334 596 3383 Jure
620 3335 703 3383 Blass.
725 3335 839 3383 inseruit
859 3333 954 3400 λάθρᾳ,

443 3424 512 3484 quod
548 3428 653 3487 propter
683 3439 792 3487 sequens
824 3425 955 3474 substant.

442 3510 540 3561 δειλίαν
575 3516 601 3561 ct
638 3513 725 3562 Aiacis
758 3514 841 3578 ipsius
877 3516 955 3564 verba

445 3602 499 3663 (Ai.
516 3604 545 3664 5)
562 3603 711 3664 requiritur.
742 3604 771 3651 iu
785 3605 956 3666 scqucutibus

443 3705 507 3739 sana
521 3692 585 3739 mihi
601 3691 705 3740 ridetur
719 3692 816 3740 Reiskii
829 3694 956 3742 correctio

445 3783 475 3830 ab
483 3780 525 3830 δἐἰ
533 3799 566 3838 τι,
576 3786 607 3829 ut
617 3782 724 3829 verbum
735 3781 848 3846 ίμόχθιις
860 3784 956 3831 habeat

444 3872 590 3933 umectum,
608 3871 668 3919 dciu
688 3872 773 3933 μάτην
788 3872 955 3920 inscrcudum

444 3965 557 4009 estante
565 3960 678 4025 ίμόχθεις
686 3961 732 4021 (cf.
740 3960 801 4008 Eur.
809 3961 876 4009 Med.
885 3962 955 4020 1030,

445 4049 538 4099 Troad.
564 4052 613 4098 760
637 4057 691 4099 cet.
714 4050 775 4098 huic
798 4051 878 4098 verbo
895 4051 956 4099 ada·

445 4160 520 4202 mant
537 4154 633 4203 addere
651 4155 735 4213 ἅλλως
753 4172 771 4204 s.
783 4155 883 4220 μάτην)
896 4161 955 4219 post

444 4259 511 4304 quac
528 4243 665 4306 aptissime
684 4246 815 4307 sequitur:
833 4248 882 4295 καὶ
904 4248 955 4310 μά-

445 4350 503 4391 την
521 4332 620 4391 ἠλίθιος
638 4334 712 4393 ἦσθα.
744 4334 809 4381 Turn
827 4349 896 4383 nova
915 4335 954 4382 in·

444 4421 511 4484 cipit
529 4424 678 4470 sententia:
695 4423 710 4481 ἡ
729 4425 785 4483 (au,
798 4424 846 4474 iris.
857 4424 953 4484 Blass.)

1012 2169 1051 2220 ὅτι
1073 2171 1136 2233 μετὰ
1153 2187 1181 2220 π.
1198 2184 1220 2220 e.
1237 2184 1262 2231 q.
1279 2184 1299 2218 s.
1334 2169 1447 2227 Quorum
1464 2185 1520 2220 sen·

1012 2273 1056 2308 sus
1078 2273 1134 2308 esse
1155 2258 1273 2308 videtur:
1298 2259 1371 2320 Mihi,
1394 2261 1463 2321 quod
1481 2275 1521 2311 αα-

1012 2349 1086 2398 culte
1094 2348 1184 2397 hostes
1195 2347 1267 2407 laesi,
1276 2348 1408 2411 ignaviam
1418 2349 1521 2412 objicis3

1012 2443 1042 2486 tu
1059 2436 1282 2499 autemquoniam
1292 2438 1486 2502 palamfrustra
1495 2445 1522 2489 te

1013 2528 1181 2578 excruciabas
1196 2527 1229 2576 ad
1245 2527 1409 2576 efficiendum
1422 2528 1522 2591 aliquid

1013 2618 1054 2667 vel
1064 2618 1160 2666 frustra
1170 2617 1266 2666 stultus
1274 2631 1337 2667 eras.
1347 2619 1388 2666 Au
1398 2618 1521 2680 quoniam

1013 2722 1072 2757 curn
1091 2707 1225 2770 (reliquis)
1243 2706 1364 2755 omnibus
1375 2707 1455 2756 hocce
1465 2722 1521 2771 per-

1012 2797 1108 2857 fecisti,
1119 2796 1253 2845 fortiorem
1263 2802 1289 2846 te
1298 2811 1353 2846 esse
1363 2797 1455 2861 putas?
1475 2798 1523 2847 Pro

1013 2886 1522 2943 drorrsvsicomninoscribendumride-

1012 2981 1056 3024 tur
1073 2976 1238 3034 ᾶπακτάνοις.

1045 3067 1116 3128 κακῷ
1124 3066 1268 3129 περιπεσών
1280 3085 1315 3131 τῳ
1327 3094 1358 3103 -
1368 3068 1436 3116 utin
1446 3068 1498 3118 fine
1508 3073 1522 3116 5

1013 3154 1100 3202 denuo
1124 3153 1214 3202 Ulixes
1231 3154 1365 3216 siguificat
1382 3155 1521 3205 imminen-

1013 3248 1068 3292 tem
1086 3244 1160 3292 Aiaci
1178 3243 1295 3302 exitum
1311 3245 1334 3292 si
1351 3251 1422 3295 recte
1438 3247 1522 3306 video,

1013 3334 1091 3382 nimis
1119 3337 1217 3382 temere
1246 3334 1329 3383 Biass.
1358 3335 1469 3384 inscruit
1495 3337 1523 3384 in

1012 3428 1116 3472 textum
1140 3424 1202 3486 ξίφει
1226 3431 1286 3487 post
1304 3426 1356 3488 τῷι
1382 3440 1459 3474 nemo
1475 3426 1522 3473 du-

1014 3512 1082 3560 bitat
1107 3512 1140 3561 de
1157 3512 1237 3561 fatali
1254 3519 1347 3573 morte,
1364 3528 1443 3575 quam
1462 3515 1523 3564 Aias

1013 3617 1060 3650 sua
1085 3617 1165 3651 uranu
1192 3602 1241 3650 sibi
1266 3603 1411 3665 conscivit;
1430 3604 1525 3654 addere

1013 3706 1070 3740 eam
1096 3693 1182 3756 planis
1208 3693 1295 3742 verbis
1319 3709 1372 3741 nou
1395 3709 1460 3758 opus
1476 3699 1523 3744 cst.

1015 3782 1120 3830 Rectius
1144 3798 1171 3831 se
1197 3783 1304 3832 habebit
1329 3785 1372 3832 hic
1399 3785 1477 3844 locus,
1503 3785 1524 3833 si

1013 3888 1071 3920 cum
1091 3874 1221 3936 plerisque
1238 3875 1396 3924 editoribus:
1408 3877 1488 3940 κακῷ.
1498 3913 1519 3924 ..

1014 3980 1049 4026 τῳ
1057 3962 1074 4010 i.
1081 3977 1103 4012 c.
1112 3962 1140 4010 in
1149 3963 1394 4026 murmuratam,
1404 3964 1524 4027 legimus;

1012 4066 1090 4113 quarn
1097 4051 1235 4132 lectionem
1245 4052 1300 4101 iere
1305 4053 1414 4115 praebet
1419 4053 1475 4102 cod.
1482 4053 1525 4103 N.:

1013 4136 1165 4221 περιπεσιιίν,
1183 4158 1349 4207 Conferenda
1366 4164 1441 4218 sunt,
1458 4174 1525 4221 quae

1012 4253 1071 4310 post
1100 4248 1128 4296 iu
1155 4249 1297 4298 refutanda
1325 4250 1525 4300 Radermacheri

1010 4336 1088 4384 huius
1105 4337 1155 4385 ioci
1173 4338 1395 4400 interpretatione
1412 4340 1500 4387 attuli.

1044 4425 1190 4474 Secundum
1203 4427 1283 4475 Blass.
1294 4428 1334 4476 ed.
1349 4428 1384 4477 ΙΙ.
1396 4433 1461 4478 aute
1470 4429 1525 4479 αὕθ’
