3524 5362
989 510 1047 573 116

475 694 620 766 iecisset,
643 712 718 753 narn
741 694 898 753 attinebat
920 711 1050 753 causam
1073 711 1129 769 per
1149 711 1184 752 sc
1205 691 1341 770 quidem
1358 708 1425 749 non
1441 690 1559 749 validi·

473 800 607 858 ssimarn
629 818 728 877 quam
750 800 903 875 plurimis
924 804 1031 876 posset
1056 800 1215 859 subsidiis
1239 798 1371 857 firmari.
1410 795 1562 869 Etenim,

474 907 664 983 quicunqne
696 905 903 965 Valckenarii
937 906 1195 981 disputationem
1226 902 1346 981 (Diatr.
1378 905 1414 961 in
1447 900 1562 979 Eurip.

476 1012 564 1088 perd.
580 1012 681 1072 dram.
699 1012 792 1090 reliq.
808 1030 834 1071 c.
851 1011 916 1089 XI)
933 1012 973 1071 de
988 1013 1133 1071 oratione
1145 1011 1272 1071 Dionea
1282 1008 1360 1068 LIX
1373 1010 1563 1084 inspexerit,

475 1133 651 1193 versusque
672 1134 691 1174 a
713 1115 928 1175 Valckenario
950 1115 1077 1175 refictos
1100 1133 1176 1174 cum
1199 1112 1451 1174 Radermacheri
1466 1131 1563 1173 cona-

476 1222 623 1281 minibus
653 1222 887 1296 composuerit,
919 1220 981 1281 hoc
1012 1219 1094 1280 mihi
1125 1221 1217 1281 dabit
1242 1220 1337 1293 longe
1359 1222 1564 1279 venustiores

474 1327 514 1387 ab
538 1327 595 1386 illo
618 1328 768 1385 inventos
790 1344 858 1385 esse
880 1328 1044 1385 trimetros
1066 1324 1278 1400 Euripidem,
1301 1340 1399 1401 quam
1422 1324 1458 1383 hi
1486 1331 1563 1386 sunt

475 1452 557 1511 quos
578 1432 823 1509 lis-Antistheni
846 1432 963 1491 tribuit
986 1430 1275 1491 Raderrnacherus.

519 1540 657 1610 Verum,
690 1536 809 1597 dixerit
841 1539 1019 1615 quispiam,
1052 1536 1172 1596 adsunt
1193 1540 1319 1609 tamen,
1341 1538 1374 1595 et
1395 1535 1564 1595 abundant

477 1650 509 1706 iu
545 1645 853 1704 ‹teelurnatiunculis
885 1647 990 1719 partes
1022 1641 1168 1701 numeris
1200 1641 1372 1701 adstrictae
1398 1642 1563 1715 iambicis,

476 1770 542 1811 non
565 1754 675 1809 minus
697 1749 793 1825 plane
815 1767 913 1826 quam
931 1750 966 1807 in
982 1748 1099 1807 Dionis
1114 1748 1258 1807 emtione
1274 1746 1328 1805 hic
1345 1748 1564 1806 inveniuntur

475 1859 614 1931 tauricas
636 1856 791 1915 dictionis
813 1856 959 1927 vestigia.
987 1852 1091 1913 Ouius
1112 1855 1158 1911 rei
1174 1870 1270 1912 cansa
1287 1852 1366 1912 haec
1378 1859 1439 1913 est:
1452 1853 1563 1913 Antis-

475 1964 605 2033 tbencs,
627 1960 808 2033 Gorgianne
829 1961 907 2019 artis
930 1961 1074 2020 imitator
1095 1976 1302 2035 summopere
1323 1960 1381 2034 τὴν
1406 1964 1471 2023 τῶν
1492 1961 1564 2024 ὀνο·

475 2072 583 2152 μάτων
606 2072 757 2134 ostreno
778 2073 809 2127 θῒ
831 2068 889 2142 τὴν
903 2070 968 2131 τῶν
983 2069 1149 2149 ὀνομάτων
1163 2065 1301 2152 ἐκλογὴν
1315 2069 1404 2124 curor
1419 2063 1565 2142 adeoque

476 2178 590 2237 stilum
615 2176 728 2249 liguris
749 2178 782 2233 et
803 2174 946 2249 periodis
967 2177 1074 2245 ornat,
1097 2178 1133 2233 ut
1155 2174 1189 2233 id
1210 2176 1376 2232 assecutus
1397 2173 1454 2243 sit,
1475 2170 1564 2249 quod

478 2284 540 2340 iarn
574 2279 767 2339 Aristotcles
798 2279 839 2337 de
867 2278 944 2337 stilo
974 2276 1149 2337 artificioso
1170 2278 1335 2335 observat:
1356 2274 1404 2342 ὅτι
1428 2274 1565 2361 ἄριθμον

478 2387 540 2473 ἔχει
563 2389 581 2461 ἡ
598 2390 631 2452 ἓν
645 2381 806 2473 περιόδοις
821 2381 908 2459 λέξις
923 2384 960 2461 ¹).
981 2383 1093 2443 Talem
1106 2386 1286 2443 orationem
1302 2384 1403 2457 igitur
1418 2384 1565 2442 numeris

476 2491 662 2551 urlstrictam
685 2509 753 2550 esse
776 2492 985 2567 perspicuum
1007 2496 1063 2550 cst.

522 2596 631 2669 Irnnrc
642 2599 751 2675 itaqua
763 2596 861 2667 abest,
874 2601 911 2655 ut
923 2595 1082 2669 suiimger
1093 2596 1218 2654 iudicio
1229 2595 1318 2672 qnod
1330 2594 1369 2653 dc
1382 2597 1567 2654 oratiuncu-

478 2704 583 2763 larum
595 2702 780 2761 elocutione
792 2701 880 2760 bisce
893 2701 1002 2759 verbis
1015 2700 1078 2758 fert
1092 2698 1564 2777 lirulerrnaeherus(l.l.p574):

478 2806 699 2879 „Nirrrcudu'o
732 2806 835 2864 ilndrt
866 2805 937 2863 sich
960 2806 1033 2863 eirm
1055 2804 1222 2879 baibwegs
1243 2805 1433 2864 kunst-velle
1455 2804 1564 2863 rheto-

477 2912 582 2971 risrbc
606 2908 771 2970 Periods.’'
816 2911 864 2969 Du
886 2910 1007 2987 quibus
1030 2910 1139 2968 verbis
1160 2911 1254 2985 plum
1275 2910 1394 2969 addere
1416 2913 1482 2970 iarn
1506 2914 1565 2970 vix

478 3036 607 3076 rimosae
629 3016 712 3075 mibi
736 3017 882 3085 videtur,
905 3021 1076 3092 postquam
1092 3016 1165 3074 slata
1179 3034 1276 3091 opera
1289 3019 1323 3074 in
1336 3017 1436 3076 huius
1448 3020 1565 3093 capitis

480 3125 575 3183 initio
597 3125 751 3199 exposui,
772 3126 852 3199 quot
873 3121 1050 3199 (prolesque
1073 3125 1284 3198 proprietates
1306 3124 1374 3181 stili
1396 3124 1564 3185 artificiosi

479 3231 513 3287 in
535 3234 672 3304 utraque
694 3226 987 3286 ‹lrclurnatiuncula
1007 3234 1187 3287 oecurnnrt.

522 3333 783 3393 lbrlamationcs
814 3338 978 3409 praeterea
1004 3333 1201 3391 Antisthene
1224 3335 1377 3409 indignae
1400 3337 1566 3394 existimat

482 3440 558 3499 itud.
580 3440 658 3516 quia
670 3438 801 3497 inficeto
816 3443 849 3497 ct
864 3438 988 3497 inculte
1003 3440 1142 3514 scriptae
1156 3441 1233 3510 sird,
1248 3458 1382 3517 quuma
1396 3441 1566 3499 veteribus

479 3550 609 3621 prrqrter
629 3545 743 3603 stilum
766 3546 986 3619 potissnnmm
1009 3546 1161 3604 laudatus
1182 3547 1224 3604 sit
1246 3544 1402 3621 Cynicus.

519 3650 582 3709 Sed
604 3651 732 3709 etiamsi
756 3650 827 3707 eius
847 3649 944 3707 stilus
966 3650 1200 3722 cebbnnrtnr,
1216 3668 1422 3729 nequaqnam
1445 3672 1486 3712 cx
1506 3654 1565 3713 bac

479 3757 574 3817 laude
595 3758 758 3833 sequitur,
780 3759 817 3814 ut
838 3762 875 3842 τῇ
896 3754 1029 3841 ποικίλῃ
1051 3762 1099 3821 καὶ
1122 3752 1372 3845 ὃιαπεπλεγμένῃ
1394 3756 1475 3830 λέξει
1499 3759 1566 3818 180·

478 3865 573 3923 cuuis
587 3864 830 3940 acqualiurme,
842 3862 962 3921 similis
978 3863 1087 3931 fuerit,
1105 3864 1207 3922 immo
1219 3882 1296 3923 rere
1309 3866 1378 3939 ipsa
1390 3865 1566 3923 verborum

477 3972 661 4037 arroteritae,
694 3970 806 4029 vivida
838 3980 870 4028 et-
903 3970 995 4027 ferox
1027 3971 1233 4044 mitissimum
1261 3971 1431 4043 dicarit-as,
1464 3972 1566 4031 dictio

478 4076 612 4135 demum
635 4077 763 4134 concisa
785 4081 817 4134 et
838 4075 954 4134 :acerba
976 4074 1098 4151 ubique
1121 4081 1187 4134 trun
1205 4078 1239 4134 in
1254 4076 1448 4149 inminentis
1467 4095 1565 4153 quam

480 4184 515 4240 in
537 4181 830 4240 deriuruat-ionibus
852 4182 950 4240 obvia
973 4182 1199 4241 demonstrant
1220 4181 1382 4256 Cynicum
1398 4182 1567 4243 Antisthe-

513 4507 537 4573 ¹)
571 4510 649 4558 Arist
668 4510 744 4562 libet.
763 4510 812 4561 111.
829 4514 853 4559 it.
872 4512 935 4558 lidii
954 4510 982 4559 B.
1000 4514 1024 4559 e.
1057 4511 1092 4559 rt.
1110 4510 1217 4561 Xonien
1236 4512 1277 4563 ll..
1294 4527 1318 4577 p.
1337 4515 1368 4561 42
1386 4528 1424 4579 sq.
